2023-Dec-25 03:07:33.503522,91282CJL6_INQ0,91282CJL6,BUY,1000000,100-312,DONE,
2023-Dec-25 03:07:33.503597,91282CJL6_INQ1,91282CJL6,SELL,2000000,99-052,DONE,
2023-Dec-25 03:07:33.503642,91282CJL6_INQ2,91282CJL6,BUY,3000000,100-247,DONE,
2023-Dec-25 03:07:33.503681,91282CJL6_INQ3,91282CJL6,SELL,4000000,100-196,DONE,
2023-Dec-25 03:07:33.503719,91282CJL6_INQ4,91282CJL6,BUY,5000000,99-081,DONE,
2023-Dec-25 03:07:33.503758,91282CJL6_INQ5,91282CJL6,SELL,1000000,99-262,DONE,
2023-Dec-25 03:07:33.503797,91282CJL6_INQ6,91282CJL6,BUY,2000000,100-023,DONE,
2023-Dec-25 03:07:33.503838,91282CJL6_INQ7,91282CJL6,SELL,3000000,99-307,DONE,
2023-Dec-25 03:07:33.503879,91282CJL6_INQ8,91282CJL6,BUY,4000000,100-133,DONE,
2023-Dec-25 03:07:33.503922,91282CJL6_INQ9,91282CJL6,SELL,5000000,100-123,DONE,
2023-Dec-25 03:07:33.503964,91282CJK8_INQ0,91282CJK8,BUY,1000000,100-307,DONE,
2023-Dec-25 03:07:33.504005,91282CJK8_INQ1,91282CJK8,SELL,2000000,99-04+,DONE,
2023-Dec-25 03:07:33.504046,91282CJK8_INQ2,91282CJK8,BUY,3000000,99-175,DONE,
2023-Dec-25 03:07:33.504085,91282CJK8_INQ3,91282CJK8,SELL,4000000,100-03+,DONE,
2023-Dec-25 03:07:33.504124,91282CJK8_INQ4,91282CJK8,BUY,5000000,100-051,DONE,
2023-Dec-25 03:07:33.504163,91282CJK8_INQ5,91282CJK8,SELL,1000000,99-086,DONE,
2023-Dec-25 03:07:33.504205,91282CJK8_INQ6,91282CJK8,BUY,2000000,99-132,DONE,
2023-Dec-25 03:07:33.504246,91282CJK8_INQ7,91282CJK8,SELL,3000000,99-043,DONE,
2023-Dec-25 03:07:33.504288,91282CJK8_INQ8,91282CJK8,BUY,4000000,100-146,DONE,
2023-Dec-25 03:07:33.504329,91282CJK8_INQ9,91282CJK8,SELL,5000000,100-02+,DONE,
2023-Dec-25 03:07:33.504371,91282CJN2_INQ0,91282CJN2,BUY,1000000,100-256,DONE,
2023-Dec-25 03:07:33.504412,91282CJN2_INQ1,91282CJN2,SELL,2000000,99-200,DONE,
2023-Dec-25 03:07:33.504454,91282CJN2_INQ2,91282CJN2,BUY,3000000,100-052,DONE,
2023-Dec-25 03:07:33.504495,91282CJN2_INQ3,91282CJN2,SELL,4000000,100-177,DONE,
2023-Dec-25 03:07:33.504537,91282CJN2_INQ4,91282CJN2,BUY,5000000,100-076,DONE,
2023-Dec-25 03:07:33.504579,91282CJN2_INQ5,91282CJN2,SELL,1000000,100-165,DONE,
2023-Dec-25 03:07:33.504621,91282CJN2_INQ6,91282CJN2,BUY,2000000,100-252,DONE,
2023-Dec-25 03:07:33.504662,91282CJN2_INQ7,91282CJN2,SELL,3000000,100-090,DONE,
2023-Dec-25 03:07:33.504704,91282CJN2_INQ8,91282CJN2,BUY,4000000,99-286,DONE,
2023-Dec-25 03:07:33.504745,91282CJN2_INQ9,91282CJN2,SELL,5000000,99-020,DONE,
2023-Dec-25 03:07:33.504787,91282CJM4_INQ0,91282CJM4,BUY,1000000,100-317,DONE,
2023-Dec-25 03:07:33.504826,91282CJM4_INQ1,91282CJM4,SELL,2000000,100-14+,DONE,
2023-Dec-25 03:07:33.504868,91282CJM4_INQ2,91282CJM4,BUY,3000000,99-160,DONE,
2023-Dec-25 03:07:33.504909,91282CJM4_INQ3,91282CJM4,SELL,4000000,100-083,DONE,
2023-Dec-25 03:07:33.504951,91282CJM4_INQ4,91282CJM4,BUY,5000000,99-271,DONE,
2023-Dec-25 03:07:33.504996,91282CJM4_INQ5,91282CJM4,SELL,1000000,99-310,DONE,
2023-Dec-25 03:07:33.505039,91282CJM4_INQ6,91282CJM4,BUY,2000000,100-020,DONE,
2023-Dec-25 03:07:33.505081,91282CJM4_INQ7,91282CJM4,SELL,3000000,100-177,DONE,
2023-Dec-25 03:07:33.505122,91282CJM4_INQ8,91282CJM4,BUY,4000000,100-31+,DONE,
2023-Dec-25 03:07:33.505164,91282CJM4_INQ9,91282CJM4,SELL,5000000,99-032,DONE,
2023-Dec-25 03:07:33.505205,91282CJJ1_INQ0,91282CJJ1,BUY,1000000,99-255,DONE,
2023-Dec-25 03:07:33.505246,91282CJJ1_INQ1,91282CJJ1,SELL,2000000,99-300,DONE,
2023-Dec-25 03:07:33.505287,91282CJJ1_INQ2,91282CJJ1,BUY,3000000,99-105,DONE,
2023-Dec-25 03:07:33.505328,91282CJJ1_INQ3,91282CJJ1,SELL,4000000,100-265,DONE,
2023-Dec-25 03:07:33.505369,91282CJJ1_INQ4,91282CJJ1,BUY,5000000,99-211,DONE,
2023-Dec-25 03:07:33.505409,91282CJJ1_INQ5,91282CJJ1,SELL,1000000,100-077,DONE,
2023-Dec-25 03:07:33.505450,91282CJJ1_INQ6,91282CJJ1,BUY,2000000,100-26+,DONE,
2023-Dec-25 03:07:33.505492,91282CJJ1_INQ7,91282CJJ1,SELL,3000000,99-226,DONE,
2023-Dec-25 03:07:33.505533,91282CJJ1_INQ8,91282CJJ1,BUY,4000000,99-153,DONE,
2023-Dec-25 03:07:33.505572,91282CJJ1_INQ9,91282CJJ1,SELL,5000000,100-173,DONE,
2023-Dec-25 03:07:33.505611,912810TW8_INQ0,912810TW8,BUY,1000000,99-300,DONE,
2023-Dec-25 03:07:33.505650,912810TW8_INQ1,912810TW8,SELL,2000000,100-115,DONE,
2023-Dec-25 03:07:33.505728,912810TW8_INQ2,912810TW8,BUY,3000000,100-120,DONE,
2023-Dec-25 03:07:33.505773,912810TW8_INQ3,912810TW8,SELL,4000000,100-250,DONE,
2023-Dec-25 03:07:33.505817,912810TW8_INQ4,912810TW8,BUY,5000000,100-117,DONE,
2023-Dec-25 03:07:33.505860,912810TW8_INQ5,912810TW8,SELL,1000000,99-297,DONE,
2023-Dec-25 03:07:33.505903,912810TW8_INQ6,912810TW8,BUY,2000000,100-213,DONE,
2023-Dec-25 03:07:33.505946,912810TW8_INQ7,912810TW8,SELL,3000000,99-136,DONE,
2023-Dec-25 03:07:33.505989,912810TW8_INQ8,912810TW8,BUY,4000000,99-301,DONE,
2023-Dec-25 03:07:33.506033,912810TW8_INQ9,912810TW8,SELL,5000000,99-18+,DONE,
2023-Dec-25 03:07:33.506076,912810TV0_INQ0,912810TV0,BUY,1000000,100-03+,DONE,
2023-Dec-25 03:07:33.506119,912810TV0_INQ1,912810TV0,SELL,2000000,99-023,DONE,
2023-Dec-25 03:07:33.506162,912810TV0_INQ2,912810TV0,BUY,3000000,99-110,DONE,
2023-Dec-25 03:07:33.506205,912810TV0_INQ3,912810TV0,SELL,4000000,99-283,DONE,
2023-Dec-25 03:07:33.506249,912810TV0_INQ4,912810TV0,BUY,5000000,99-265,DONE,
2023-Dec-25 03:07:33.506293,912810TV0_INQ5,912810TV0,SELL,1000000,99-021,DONE,
2023-Dec-25 03:07:33.506336,912810TV0_INQ6,912810TV0,BUY,2000000,100-19+,DONE,
2023-Dec-25 03:07:33.506380,912810TV0_INQ7,912810TV0,SELL,3000000,100-243,DONE,
2023-Dec-25 03:07:33.506423,912810TV0_INQ8,912810TV0,BUY,4000000,100-061,DONE,
2023-Dec-25 03:07:33.506467,912810TV0_INQ9,912810TV0,SELL,5000000,100-195,DONE,
