2023-12-24 20:04:44.909,INQI1EN72ZVV,91282CJL6,SELL,10000000,99-262,DONE,
2023-12-24 20:04:44.909,INQKCFLU86O6,91282CJL6,BUY,20000000,99-243,DONE,
2023-12-24 20:04:44.909,INQTU8EHKHSC,91282CJL6,SELL,30000000,99-307,DONE,
2023-12-24 20:04:44.909,INQDSKIPWQ61,91282CJL6,BUY,40000000,99-266,DONE,
2023-12-24 20:04:44.909,INQNMRS65J1N,91282CJL6,SELL,50000000,99-272,DONE,
2023-12-24 20:04:44.909,INQG26VT1C31,91282CJL6,BUY,10000000,99-007,DONE,
2023-12-24 20:04:44.909,INQDRKUDPHA4,91282CJL6,SELL,20000000,100-006,DONE,
2023-12-24 20:04:44.909,INQY2N1JATUJ,91282CJL6,BUY,30000000,100-17+,DONE,
2023-12-24 20:04:44.910,INQOQ587DLA5,91282CJL6,SELL,40000000,99-27+,DONE,
2023-12-24 20:04:44.910,INQP7LJQQM3M,91282CJL6,BUY,50000000,100-102,DONE,
2023-12-24 20:04:44.910,INQOE7RE91PR,91282CJK8,SELL,10000000,99-141,DONE,
2023-12-24 20:04:44.910,INQ92LRHNG26,91282CJK8,BUY,20000000,99-03+,DONE,
2023-12-24 20:04:44.910,INQ0H9D4IU82,91282CJK8,SELL,30000000,100-011,DONE,
2023-12-24 20:04:44.910,INQEBHRJZ96N,91282CJK8,BUY,40000000,100-312,DONE,
2023-12-24 20:04:44.910,INQUA7DBJ2CS,91282CJK8,SELL,50000000,99-27+,DONE,
2023-12-24 20:04:44.910,INQF6BHGUVVX,91282CJK8,BUY,10000000,100-303,DONE,
2023-12-24 20:04:44.910,INQ6IDE82LSU,91282CJK8,SELL,20000000,99-231,DONE,
2023-12-24 20:04:44.910,INQ1EW4BDWAF,91282CJK8,BUY,30000000,99-007,DONE,
2023-12-24 20:04:44.910,INQNTCTVRPHR,91282CJK8,SELL,40000000,99-12+,DONE,
2023-12-24 20:04:44.910,INQWXMYXP4UI,91282CJK8,BUY,50000000,99-075,DONE,
2023-12-24 20:04:44.910,INQOHEFISZDG,91282CJN2,SELL,10000000,99-283,DONE,
2023-12-24 20:04:44.910,INQLN0LXRYVU,91282CJN2,BUY,20000000,99-105,DONE,
2023-12-24 20:04:44.910,INQ7U79ABDY2,91282CJN2,SELL,30000000,100-035,DONE,
2023-12-24 20:04:44.912,INQCCTMHJQKO,91282CJN2,BUY,40000000,100-292,DONE,
2023-12-24 20:04:44.912,INQYZPV6B306,91282CJN2,SELL,50000000,99-077,DONE,
2023-12-24 20:04:44.912,INQUP2VNBFYH,91282CJN2,BUY,10000000,99-042,DONE,
2023-12-24 20:04:44.912,INQ3I0U82NDF,91282CJN2,SELL,20000000,100-137,DONE,
2023-12-24 20:04:44.912,INQDR7T8V5M3,91282CJN2,BUY,30000000,99-061,DONE,
2023-12-24 20:04:44.912,INQIPK1LH4SD,91282CJN2,SELL,40000000,99-01+,DONE,
2023-12-24 20:04:44.912,INQPS7N6TGOJ,91282CJN2,BUY,50000000,100-211,DONE,
2023-12-24 20:04:44.912,INQP5OHX0YOL,91282CJM4,SELL,10000000,99-303,DONE,
2023-12-24 20:04:44.912,INQZHV60HGT3,91282CJM4,BUY,20000000,99-16+,DONE,
2023-12-24 20:04:44.912,INQ2GO8CIT1H,91282CJM4,SELL,30000000,99-227,DONE,
2023-12-24 20:04:44.912,INQ0YPRSKL16,91282CJM4,BUY,40000000,100-300,DONE,
2023-12-24 20:04:44.912,INQG4G4Y7L5E,91282CJM4,SELL,50000000,99-212,DONE,
2023-12-24 20:04:44.912,INQ32EH1U77O,91282CJM4,BUY,10000000,100-307,DONE,
2023-12-24 20:04:44.912,INQGOTK54D6S,91282CJM4,SELL,20000000,100-052,DONE,
2023-12-24 20:04:44.912,INQVOEFQD7X4,91282CJM4,BUY,30000000,100-122,DONE,
2023-12-24 20:04:44.912,INQM8TVD204A,91282CJM4,SELL,40000000,100-075,DONE,
2023-12-24 20:04:44.912,INQ0CSPAXGID,91282CJM4,BUY,50000000,100-09+,DONE,
2023-12-24 20:04:44.913,INQCECPEYHIT,91282CJJ1,SELL,10000000,100-151,DONE,
2023-12-24 20:04:44.913,INQEKTN2RRAT,91282CJJ1,BUY,20000000,100-061,DONE,
2023-12-24 20:04:44.913,INQJYYX7FYVT,91282CJJ1,SELL,30000000,99-206,DONE,
2023-12-24 20:04:44.913,INQT70OUH0YH,91282CJJ1,BUY,40000000,100-310,DONE,
2023-12-24 20:04:44.913,INQERLJA8ECZ,91282CJJ1,SELL,50000000,100-103,DONE,
2023-12-24 20:04:44.913,INQYZV2THDGT,91282CJJ1,BUY,10000000,100-083,DONE,
2023-12-24 20:04:44.913,INQAGR95PBOD,91282CJJ1,SELL,20000000,99-006,DONE,
2023-12-24 20:04:44.913,INQ0SYEKHSIQ,91282CJJ1,BUY,30000000,99-252,DONE,
2023-12-24 20:04:44.913,INQ1TX685EIR,91282CJJ1,SELL,40000000,99-241,DONE,
2023-12-24 20:04:44.913,INQ035EHS72W,91282CJJ1,BUY,50000000,99-022,DONE,
2023-12-24 20:04:44.913,INQOA7TJBYIG,912810TW8,SELL,10000000,99-012,DONE,
2023-12-24 20:04:44.913,INQW938XFL2M,912810TW8,BUY,20000000,99-175,DONE,
2023-12-24 20:04:44.913,INQF9V8YOZHR,912810TW8,SELL,30000000,100-01+,DONE,
2023-12-24 20:04:44.913,INQPNLGAMQ1C,912810TW8,BUY,40000000,99-031,DONE,
2023-12-24 20:04:44.913,INQAWVRQWEC8,912810TW8,SELL,50000000,100-287,DONE,
2023-12-24 20:04:44.913,INQ8HJZKWV20,912810TW8,BUY,10000000,100-086,DONE,
2023-12-24 20:04:44.913,INQQ4PD8GXK0,912810TW8,SELL,20000000,99-061,DONE,
2023-12-24 20:04:44.913,INQ49QWYJ0ZQ,912810TW8,BUY,30000000,100-125,DONE,
2023-12-24 20:04:44.913,INQVJI8PNJV8,912810TW8,SELL,40000000,100-000,DONE,
2023-12-24 20:04:44.913,INQUANQHUS1Y,912810TW8,BUY,50000000,99-070,DONE,
2023-12-24 20:04:44.913,INQFE00GNIGO,912810TV0,SELL,10000000,99-175,DONE,
2023-12-24 20:04:44.913,INQ56HTTVB3S,912810TV0,BUY,20000000,99-302,DONE,
2023-12-24 20:04:44.913,INQZVI0XE91L,912810TV0,SELL,30000000,100-29+,DONE,
2023-12-24 20:04:44.913,INQI05A3WVMM,912810TV0,BUY,40000000,100-317,DONE,
2023-12-24 20:04:44.913,INQVE51DWVXP,912810TV0,SELL,50000000,99-125,DONE,
2023-12-24 20:04:44.913,INQ8KS8SGESR,912810TV0,BUY,10000000,100-260,DONE,
2023-12-24 20:04:44.913,INQXGKZQDWC5,912810TV0,SELL,20000000,100-166,DONE,
2023-12-24 20:04:44.913,INQ1XPEQVFI9,912810TV0,BUY,30000000,100-245,DONE,
2023-12-24 20:04:44.913,INQS3MVN3RBB,912810TV0,SELL,40000000,99-240,DONE,
2023-12-24 20:04:44.914,INQZTRNMFMOS,912810TV0,BUY,50000000,100-047,DONE,
2023-12-24 20:16:19.779,INQI92145J32,91282CJL6,SELL,10000000,99-246,DONE,
2023-12-24 20:16:19.779,INQY8ZXUOX5G,91282CJL6,BUY,20000000,99-176,DONE,
2023-12-24 20:16:19.779,INQIJNDRVLBN,91282CJL6,SELL,30000000,99-105,DONE,
2023-12-24 20:16:19.779,INQNYLSI08NQ,91282CJL6,BUY,40000000,99-252,DONE,
2023-12-24 20:16:19.780,INQS5DCBKYJK,91282CJL6,SELL,50000000,100-285,DONE,
2023-12-24 20:16:19.780,INQLL6U24B3T,91282CJL6,BUY,10000000,99-05+,DONE,
2023-12-24 20:16:19.780,INQZRLP3OKWK,91282CJL6,SELL,20000000,100-271,DONE,
2023-12-24 20:16:19.780,INQ4GFWP2N8X,91282CJL6,BUY,30000000,99-201,DONE,
2023-12-24 20:16:19.780,INQHUA0VC13Q,91282CJL6,SELL,40000000,100-023,DONE,
2023-12-24 20:16:19.780,INQ83J6MDO3L,91282CJL6,BUY,50000000,99-21+,DONE,
2023-12-24 20:16:19.780,INQ12ETNLIGW,91282CJK8,SELL,10000000,100-001,DONE,
2023-12-24 20:16:19.780,INQ5BNX7UNTZ,91282CJK8,BUY,20000000,99-206,DONE,
2023-12-24 20:16:19.780,INQ6BGVW7UA0,91282CJK8,SELL,30000000,100-025,DONE,
2023-12-24 20:16:19.780,INQY2F4K8O2L,91282CJK8,BUY,40000000,100-306,DONE,
2023-12-24 20:16:19.780,INQ6ZMTOAC9J,91282CJK8,SELL,50000000,100-115,DONE,
2023-12-24 20:16:19.780,INQU3CF5118O,91282CJK8,BUY,10000000,99-112,DONE,
2023-12-24 20:16:19.780,INQ954W1MOKO,91282CJK8,SELL,20000000,99-176,DONE,
2023-12-24 20:16:19.780,INQLTTGVOM31,91282CJK8,BUY,30000000,99-151,DONE,
2023-12-24 20:16:19.780,INQXD3DVPYJ8,91282CJK8,SELL,40000000,100-072,DONE,
2023-12-24 20:16:19.780,INQ75F12UI2Z,91282CJK8,BUY,50000000,99-113,DONE,
2023-12-24 20:16:19.780,INQD2KQNY8JC,91282CJN2,SELL,10000000,100-18+,DONE,
2023-12-24 20:16:19.780,INQ1KYESGO48,91282CJN2,BUY,20000000,99-216,DONE,
2023-12-24 20:16:19.780,INQ227BR2UPR,91282CJN2,SELL,30000000,100-040,DONE,
2023-12-24 20:16:19.780,INQ1M6N3S70Q,91282CJN2,BUY,40000000,99-280,DONE,
2023-12-24 20:16:19.780,INQ55AZ0L99C,91282CJN2,SELL,50000000,99-193,DONE,
2023-12-24 20:16:19.780,INQORSBAXNPU,91282CJN2,BUY,10000000,100-233,DONE,
2023-12-24 20:16:19.780,INQFTEZNAVAM,91282CJN2,SELL,20000000,100-012,DONE,
2023-12-24 20:16:19.780,INQ5F1LUBGJQ,91282CJN2,BUY,30000000,100-021,DONE,
2023-12-24 20:16:19.780,INQEXLJQVT9F,91282CJN2,SELL,40000000,100-110,DONE,
2023-12-24 20:16:19.780,INQIMRRO79U7,91282CJN2,BUY,50000000,100-243,DONE,
2023-12-24 20:16:19.780,INQ8Q258ZKI0,91282CJM4,SELL,10000000,99-167,DONE,
2023-12-24 20:16:19.780,INQJKC8AKFI1,91282CJM4,BUY,20000000,100-156,DONE,
2023-12-24 20:16:19.780,INQZDY8LWOVU,91282CJM4,SELL,30000000,100-082,DONE,
2023-12-24 20:16:19.780,INQNRB38W594,91282CJM4,BUY,40000000,100-033,DONE,
2023-12-24 20:16:19.780,INQEHAWB2OK2,91282CJM4,SELL,50000000,100-067,DONE,
2023-12-24 20:16:19.780,INQWDZXPH67B,91282CJM4,BUY,10000000,99-117,DONE,
2023-12-24 20:16:19.780,INQJRKMDJKWK,91282CJM4,SELL,20000000,99-042,DONE,
2023-12-24 20:16:19.780,INQK9JJC3HGF,91282CJM4,BUY,30000000,99-041,DONE,
2023-12-24 20:16:19.780,INQXN0YJF58A,91282CJM4,SELL,40000000,100-185,DONE,
2023-12-24 20:16:19.781,INQY03PISEB6,91282CJM4,BUY,50000000,99-010,DONE,
2023-12-24 20:16:19.781,INQ5W69SFLPK,91282CJJ1,SELL,10000000,100-000,DONE,
2023-12-24 20:16:19.781,INQCU7UXSSKP,91282CJJ1,BUY,20000000,99-212,DONE,
2023-12-24 20:16:19.781,INQ3S0HT75B1,91282CJJ1,SELL,30000000,100-271,DONE,
2023-12-24 20:16:19.781,INQAFTDEZTNH,91282CJJ1,BUY,40000000,100-187,DONE,
2023-12-24 20:16:19.781,INQQT4SHGFD9,91282CJJ1,SELL,50000000,100-227,DONE,
2023-12-24 20:16:19.781,INQMRZB4R89N,91282CJJ1,BUY,10000000,99-056,DONE,
2023-12-24 20:16:19.781,INQN8VIGCZI1,91282CJJ1,SELL,20000000,99-080,DONE,
2023-12-24 20:16:19.781,INQGIL8S0J4H,91282CJJ1,BUY,30000000,99-045,DONE,
2023-12-24 20:16:19.781,INQ83L00WYML,91282CJJ1,SELL,40000000,99-153,DONE,
2023-12-24 20:16:19.781,INQNUEDORPXU,91282CJJ1,BUY,50000000,99-132,DONE,
2023-12-24 20:16:19.781,INQ6L7QBE7NA,912810TW8,SELL,10000000,99-28+,DONE,
2023-12-24 20:16:19.781,INQXF06YMTMV,912810TW8,BUY,20000000,99-225,DONE,
2023-12-24 20:16:19.781,INQHRZ17RMK3,912810TW8,SELL,30000000,100-18+,DONE,
2023-12-24 20:16:19.781,INQIZER2ZHX5,912810TW8,BUY,40000000,100-003,DONE,
2023-12-24 20:16:19.781,INQ061EY5TO2,912810TW8,SELL,50000000,100-081,DONE,
2023-12-24 20:16:19.781,INQCPVK0OZKO,912810TW8,BUY,10000000,99-187,DONE,
2023-12-24 20:16:19.781,INQZVXJ6E92L,912810TW8,SELL,20000000,99-316,DONE,
2023-12-24 20:16:19.781,INQF6PG6H3IZ,912810TW8,BUY,30000000,99-083,DONE,
2023-12-24 20:16:19.781,INQLIT7C3AO8,912810TW8,SELL,40000000,100-276,DONE,
2023-12-24 20:16:19.781,INQSG4R59B92,912810TW8,BUY,50000000,100-130,DONE,
2023-12-24 20:16:19.781,INQLJ73FDNKP,912810TV0,SELL,10000000,100-000,DONE,
2023-12-24 20:16:19.781,INQK82FTBIBC,912810TV0,BUY,20000000,100-213,DONE,
2023-12-24 20:16:19.781,INQ5RCGEUVLG,912810TV0,SELL,30000000,99-237,DONE,
2023-12-24 20:16:19.781,INQ77GJEMKVX,912810TV0,BUY,40000000,99-265,DONE,
2023-12-24 20:16:19.781,INQ6J3T9FOYR,912810TV0,SELL,50000000,99-073,DONE,
2023-12-24 20:16:19.781,INQO4I7EU3TZ,912810TV0,BUY,10000000,100-222,DONE,
2023-12-24 20:16:19.781,INQE13TKGB8U,912810TV0,SELL,20000000,99-060,DONE,
2023-12-24 20:16:19.781,INQN9SGM8MDD,912810TV0,BUY,30000000,99-317,DONE,
2023-12-24 20:16:19.781,INQA0ZE1E3E4,912810TV0,SELL,40000000,100-05+,DONE,
2023-12-24 20:16:19.781,INQE8YL10890,912810TV0,BUY,50000000,100-310,DONE,
2023-12-24 20:26:56.099,91282CJL6_INQ0,91282CJL6,BUY,1000000,99-170,DONE,
2023-12-24 20:26:56.099,91282CJL6_INQ1,91282CJL6,SELL,2000000,100-113,DONE,
2023-12-24 20:26:56.099,91282CJL6_INQ2,91282CJL6,BUY,3000000,100-075,DONE,
2023-12-24 20:26:56.099,91282CJL6_INQ3,91282CJL6,SELL,4000000,99-193,DONE,
2023-12-24 20:26:56.099,91282CJL6_INQ4,91282CJL6,BUY,5000000,100-22+,DONE,
2023-12-24 20:26:56.099,91282CJL6_INQ5,91282CJL6,SELL,1000000,100-062,DONE,
2023-12-24 20:26:56.099,91282CJL6_INQ6,91282CJL6,BUY,2000000,100-261,DONE,
2023-12-24 20:26:56.099,91282CJL6_INQ7,91282CJL6,SELL,3000000,100-201,DONE,
2023-12-24 20:26:56.099,91282CJL6_INQ8,91282CJL6,BUY,4000000,100-27+,DONE,
2023-12-24 20:26:56.099,91282CJL6_INQ9,91282CJL6,SELL,5000000,99-076,DONE,
2023-12-24 20:26:56.099,91282CJK8_INQ0,91282CJK8,BUY,1000000,100-120,DONE,
2023-12-24 20:26:56.099,91282CJK8_INQ1,91282CJK8,SELL,2000000,100-03+,DONE,
2023-12-24 20:26:56.100,91282CJK8_INQ2,91282CJK8,BUY,3000000,99-005,DONE,
2023-12-24 20:26:56.100,91282CJK8_INQ3,91282CJK8,SELL,4000000,99-161,DONE,
2023-12-24 20:26:56.100,91282CJK8_INQ4,91282CJK8,BUY,5000000,99-24+,DONE,
2023-12-24 20:26:56.100,91282CJK8_INQ5,91282CJK8,SELL,1000000,100-301,DONE,
2023-12-24 20:26:56.100,91282CJK8_INQ6,91282CJK8,BUY,2000000,99-167,DONE,
2023-12-24 20:26:56.100,91282CJK8_INQ7,91282CJK8,SELL,3000000,100-16+,DONE,
2023-12-24 20:26:56.100,91282CJK8_INQ8,91282CJK8,BUY,4000000,100-250,DONE,
2023-12-24 20:26:56.100,91282CJK8_INQ9,91282CJK8,SELL,5000000,100-307,DONE,
2023-12-24 20:26:56.100,91282CJN2_INQ0,91282CJN2,BUY,1000000,99-107,DONE,
2023-12-24 20:26:56.100,91282CJN2_INQ1,91282CJN2,SELL,2000000,99-062,DONE,
2023-12-24 20:26:56.100,91282CJN2_INQ2,91282CJN2,BUY,3000000,99-035,DONE,
2023-12-24 20:26:56.100,91282CJN2_INQ3,91282CJN2,SELL,4000000,99-280,DONE,
2023-12-24 20:26:56.100,91282CJN2_INQ4,91282CJN2,BUY,5000000,99-191,DONE,
2023-12-24 20:26:56.100,91282CJN2_INQ5,91282CJN2,SELL,1000000,99-143,DONE,
2023-12-24 20:26:56.100,91282CJN2_INQ6,91282CJN2,BUY,2000000,100-105,DONE,
2023-12-24 20:26:56.100,91282CJN2_INQ7,91282CJN2,SELL,3000000,100-103,DONE,
2023-12-24 20:26:56.100,91282CJN2_INQ8,91282CJN2,BUY,4000000,100-02+,DONE,
2023-12-24 20:26:56.100,91282CJN2_INQ9,91282CJN2,SELL,5000000,100-20+,DONE,
2023-12-24 20:26:56.100,91282CJM4_INQ0,91282CJM4,BUY,1000000,99-127,DONE,
2023-12-24 20:26:56.100,91282CJM4_INQ1,91282CJM4,SELL,2000000,99-11+,DONE,
2023-12-24 20:26:56.100,91282CJM4_INQ2,91282CJM4,BUY,3000000,100-096,DONE,
2023-12-24 20:26:56.100,91282CJM4_INQ3,91282CJM4,SELL,4000000,100-300,DONE,
2023-12-24 20:26:56.100,91282CJM4_INQ4,91282CJM4,BUY,5000000,100-301,DONE,
2023-12-24 20:26:56.100,91282CJM4_INQ5,91282CJM4,SELL,1000000,99-193,DONE,
2023-12-24 20:26:56.100,91282CJM4_INQ6,91282CJM4,BUY,2000000,99-05+,DONE,
2023-12-24 20:26:56.100,91282CJM4_INQ7,91282CJM4,SELL,3000000,100-155,DONE,
2023-12-24 20:26:56.101,91282CJM4_INQ8,91282CJM4,BUY,4000000,100-155,DONE,
2023-12-24 20:26:56.101,91282CJM4_INQ9,91282CJM4,SELL,5000000,99-305,DONE,
2023-12-24 20:26:56.101,91282CJJ1_INQ0,91282CJJ1,BUY,1000000,99-070,DONE,
2023-12-24 20:26:56.101,91282CJJ1_INQ1,91282CJJ1,SELL,2000000,99-016,DONE,
2023-12-24 20:26:56.101,91282CJJ1_INQ2,91282CJJ1,BUY,3000000,100-300,DONE,
2023-12-24 20:26:56.101,91282CJJ1_INQ3,91282CJJ1,SELL,4000000,99-292,DONE,
2023-12-24 20:26:56.101,91282CJJ1_INQ4,91282CJJ1,BUY,5000000,99-035,DONE,
2023-12-24 20:26:56.101,91282CJJ1_INQ5,91282CJJ1,SELL,1000000,99-086,DONE,
2023-12-24 20:26:56.101,91282CJJ1_INQ6,91282CJJ1,BUY,2000000,99-196,DONE,
2023-12-24 20:26:56.101,91282CJJ1_INQ7,91282CJJ1,SELL,3000000,99-30+,DONE,
2023-12-24 20:26:56.101,91282CJJ1_INQ8,91282CJJ1,BUY,4000000,99-223,DONE,
2023-12-24 20:26:56.101,91282CJJ1_INQ9,91282CJJ1,SELL,5000000,99-315,DONE,
2023-12-24 20:26:56.101,912810TW8_INQ0,912810TW8,BUY,1000000,100-270,DONE,
2023-12-24 20:26:56.101,912810TW8_INQ1,912810TW8,SELL,2000000,99-037,DONE,
2023-12-24 20:26:56.101,912810TW8_INQ2,912810TW8,BUY,3000000,99-086,DONE,
2023-12-24 20:26:56.101,912810TW8_INQ3,912810TW8,SELL,4000000,100-012,DONE,
2023-12-24 20:26:56.101,912810TW8_INQ4,912810TW8,BUY,5000000,100-21+,DONE,
2023-12-24 20:26:56.101,912810TW8_INQ5,912810TW8,SELL,1000000,100-037,DONE,
2023-12-24 20:26:56.101,912810TW8_INQ6,912810TW8,BUY,2000000,99-051,DONE,
2023-12-24 20:26:56.101,912810TW8_INQ7,912810TW8,SELL,3000000,100-280,DONE,
2023-12-24 20:26:56.101,912810TW8_INQ8,912810TW8,BUY,4000000,100-035,DONE,
2023-12-24 20:26:56.101,912810TW8_INQ9,912810TW8,SELL,5000000,99-051,DONE,
2023-12-24 20:26:56.101,912810TV0_INQ0,912810TV0,BUY,1000000,100-20+,DONE,
2023-12-24 20:26:56.101,912810TV0_INQ1,912810TV0,SELL,2000000,99-311,DONE,
2023-12-24 20:26:56.101,912810TV0_INQ2,912810TV0,BUY,3000000,100-003,DONE,
2023-12-24 20:26:56.101,912810TV0_INQ3,912810TV0,SELL,4000000,99-06+,DONE,
2023-12-24 20:26:56.101,912810TV0_INQ4,912810TV0,BUY,5000000,99-045,DONE,
2023-12-24 20:26:56.102,912810TV0_INQ5,912810TV0,SELL,1000000,100-111,DONE,
2023-12-24 20:26:56.102,912810TV0_INQ6,912810TV0,BUY,2000000,99-215,DONE,
2023-12-24 20:26:56.102,912810TV0_INQ7,912810TV0,SELL,3000000,100-145,DONE,
2023-12-24 20:26:56.102,912810TV0_INQ8,912810TV0,BUY,4000000,100-112,DONE,
2023-12-24 20:26:56.102,912810TV0_INQ9,912810TV0,SELL,5000000,100-117,DONE,
2023-12-24 20:31:01.115,91282CJL6_INQ0,91282CJL6,BUY,1000000,99-227,DONE,
2023-12-24 20:31:01.115,91282CJL6_INQ1,91282CJL6,SELL,2000000,99-067,DONE,
2023-12-24 20:31:01.115,91282CJL6_INQ2,91282CJL6,BUY,3000000,99-082,DONE,
2023-12-24 20:31:01.116,91282CJL6_INQ3,91282CJL6,SELL,4000000,99-19+,DONE,
2023-12-24 20:31:01.116,91282CJL6_INQ4,91282CJL6,BUY,5000000,99-11+,DONE,
2023-12-24 20:31:01.116,91282CJL6_INQ5,91282CJL6,SELL,1000000,99-097,DONE,
2023-12-24 20:31:01.116,91282CJL6_INQ6,91282CJL6,BUY,2000000,99-083,DONE,
2023-12-24 20:31:01.116,91282CJL6_INQ7,91282CJL6,SELL,3000000,100-216,DONE,
2023-12-24 20:31:01.116,91282CJL6_INQ8,91282CJL6,BUY,4000000,99-013,DONE,
2023-12-24 20:31:01.116,91282CJL6_INQ9,91282CJL6,SELL,5000000,99-100,DONE,
2023-12-24 20:31:01.116,91282CJK8_INQ0,91282CJK8,BUY,1000000,99-041,DONE,
2023-12-24 20:31:01.116,91282CJK8_INQ1,91282CJK8,SELL,2000000,99-043,DONE,
2023-12-24 20:31:01.116,91282CJK8_INQ2,91282CJK8,BUY,3000000,99-017,DONE,
2023-12-24 20:31:01.116,91282CJK8_INQ3,91282CJK8,SELL,4000000,99-00+,DONE,
2023-12-24 20:31:01.116,91282CJK8_INQ4,91282CJK8,BUY,5000000,99-29+,DONE,
2023-12-24 20:31:01.116,91282CJK8_INQ5,91282CJK8,SELL,1000000,100-186,DONE,
2023-12-24 20:31:01.116,91282CJK8_INQ6,91282CJK8,BUY,2000000,100-230,DONE,
2023-12-24 20:31:01.116,91282CJK8_INQ7,91282CJK8,SELL,3000000,99-183,DONE,
2023-12-24 20:31:01.116,91282CJK8_INQ8,91282CJK8,BUY,4000000,100-273,DONE,
2023-12-24 20:31:01.116,91282CJK8_INQ9,91282CJK8,SELL,5000000,100-267,DONE,
2023-12-24 20:31:01.116,91282CJN2_INQ0,91282CJN2,BUY,1000000,99-16+,DONE,
2023-12-24 20:31:01.116,91282CJN2_INQ1,91282CJN2,SELL,2000000,99-12+,DONE,
2023-12-24 20:31:01.116,91282CJN2_INQ2,91282CJN2,BUY,3000000,100-13+,DONE,
2023-12-24 20:31:01.116,91282CJN2_INQ3,91282CJN2,SELL,4000000,99-29+,DONE,
2023-12-24 20:31:01.116,91282CJN2_INQ4,91282CJN2,BUY,5000000,99-203,DONE,
2023-12-24 20:31:01.116,91282CJN2_INQ5,91282CJN2,SELL,1000000,100-032,DONE,
2023-12-24 20:31:01.116,91282CJN2_INQ6,91282CJN2,BUY,2000000,99-16+,DONE,
2023-12-24 20:31:01.116,91282CJN2_INQ7,91282CJN2,SELL,3000000,100-30+,DONE,
2023-12-24 20:31:01.116,91282CJN2_INQ8,91282CJN2,BUY,4000000,100-211,DONE,
2023-12-24 20:31:01.116,91282CJN2_INQ9,91282CJN2,SELL,5000000,100-046,DONE,
2023-12-24 20:31:01.116,91282CJM4_INQ0,91282CJM4,BUY,1000000,99-212,DONE,
2023-12-24 20:31:01.116,91282CJM4_INQ1,91282CJM4,SELL,2000000,100-176,DONE,
2023-12-24 20:31:01.116,91282CJM4_INQ2,91282CJM4,BUY,3000000,99-021,DONE,
2023-12-24 20:31:01.116,91282CJM4_INQ3,91282CJM4,SELL,4000000,100-173,DONE,
2023-12-24 20:31:01.116,91282CJM4_INQ4,91282CJM4,BUY,5000000,99-19+,DONE,
2023-12-24 20:31:01.117,91282CJM4_INQ5,91282CJM4,SELL,1000000,100-266,DONE,
2023-12-24 20:31:01.117,91282CJM4_INQ6,91282CJM4,BUY,2000000,99-21+,DONE,
2023-12-24 20:31:01.117,91282CJM4_INQ7,91282CJM4,SELL,3000000,100-255,DONE,
2023-12-24 20:31:01.117,91282CJM4_INQ8,91282CJM4,BUY,4000000,99-013,DONE,
2023-12-24 20:31:01.117,91282CJM4_INQ9,91282CJM4,SELL,5000000,99-223,DONE,
2023-12-24 20:31:01.117,91282CJJ1_INQ0,91282CJJ1,BUY,1000000,100-033,DONE,
2023-12-24 20:31:01.117,91282CJJ1_INQ1,91282CJJ1,SELL,2000000,100-191,DONE,
2023-12-24 20:31:01.117,91282CJJ1_INQ2,91282CJJ1,BUY,3000000,99-316,DONE,
2023-12-24 20:31:01.117,91282CJJ1_INQ3,91282CJJ1,SELL,4000000,99-293,DONE,
2023-12-24 20:31:01.117,91282CJJ1_INQ4,91282CJJ1,BUY,5000000,99-102,DONE,
2023-12-24 20:31:01.117,91282CJJ1_INQ5,91282CJJ1,SELL,1000000,99-306,DONE,
2023-12-24 20:31:01.117,91282CJJ1_INQ6,91282CJJ1,BUY,2000000,100-291,DONE,
2023-12-24 20:31:01.117,91282CJJ1_INQ7,91282CJJ1,SELL,3000000,99-150,DONE,
2023-12-24 20:31:01.117,91282CJJ1_INQ8,91282CJJ1,BUY,4000000,100-030,DONE,
2023-12-24 20:31:01.117,91282CJJ1_INQ9,91282CJJ1,SELL,5000000,99-042,DONE,
2023-12-24 20:31:01.117,912810TW8_INQ0,912810TW8,BUY,1000000,100-100,DONE,
2023-12-24 20:31:01.117,912810TW8_INQ1,912810TW8,SELL,2000000,100-077,DONE,
2023-12-24 20:31:01.117,912810TW8_INQ2,912810TW8,BUY,3000000,99-081,DONE,
2023-12-24 20:31:01.117,912810TW8_INQ3,912810TW8,SELL,4000000,99-283,DONE,
2023-12-24 20:31:01.117,912810TW8_INQ4,912810TW8,BUY,5000000,99-24+,DONE,
2023-12-24 20:31:01.117,912810TW8_INQ5,912810TW8,SELL,1000000,100-147,DONE,
2023-12-24 20:31:01.117,912810TW8_INQ6,912810TW8,BUY,2000000,100-13+,DONE,
2023-12-24 20:31:01.117,912810TW8_INQ7,912810TW8,SELL,3000000,99-21+,DONE,
2023-12-24 20:31:01.117,912810TW8_INQ8,912810TW8,BUY,4000000,100-270,DONE,
2023-12-24 20:31:01.117,912810TW8_INQ9,912810TW8,SELL,5000000,99-227,DONE,
2023-12-24 20:31:01.117,912810TV0_INQ0,912810TV0,BUY,1000000,100-122,DONE,
2023-12-24 20:31:01.117,912810TV0_INQ1,912810TV0,SELL,2000000,99-040,DONE,
2023-12-24 20:31:01.117,912810TV0_INQ2,912810TV0,BUY,3000000,100-003,DONE,
2023-12-24 20:31:01.117,912810TV0_INQ3,912810TV0,SELL,4000000,99-083,DONE,
2023-12-24 20:31:01.117,912810TV0_INQ4,912810TV0,BUY,5000000,100-301,DONE,
2023-12-24 20:31:01.117,912810TV0_INQ5,912810TV0,SELL,1000000,100-186,DONE,
2023-12-24 20:31:01.117,912810TV0_INQ6,912810TV0,BUY,2000000,99-166,DONE,
2023-12-24 20:31:01.117,912810TV0_INQ7,912810TV0,SELL,3000000,99-126,DONE,
2023-12-24 20:31:01.117,912810TV0_INQ8,912810TV0,BUY,4000000,100-15+,DONE,
2023-12-24 20:31:01.117,912810TV0_INQ9,912810TV0,SELL,5000000,99-175,DONE,
2023-12-24 20:34:43.942,91282CJL6_INQ0,91282CJL6,BUY,1000000,99-041,DONE,
2023-12-24 20:34:43.942,91282CJL6_INQ1,91282CJL6,SELL,2000000,100-182,DONE,
2023-12-24 20:34:43.942,91282CJL6_INQ2,91282CJL6,BUY,3000000,100-186,DONE,
2023-12-24 20:34:43.942,91282CJL6_INQ3,91282CJL6,SELL,4000000,99-005,DONE,
2023-12-24 20:34:43.942,91282CJL6_INQ4,91282CJL6,BUY,5000000,100-155,DONE,
2023-12-24 20:34:43.942,91282CJL6_INQ5,91282CJL6,SELL,1000000,99-046,DONE,
2023-12-24 20:34:43.942,91282CJL6_INQ6,91282CJL6,BUY,2000000,100-242,DONE,
2023-12-24 20:34:43.942,91282CJL6_INQ7,91282CJL6,SELL,3000000,99-096,DONE,
2023-12-24 20:34:43.942,91282CJL6_INQ8,91282CJL6,BUY,4000000,99-145,DONE,
2023-12-24 20:34:43.942,91282CJL6_INQ9,91282CJL6,SELL,5000000,99-14+,DONE,
2023-12-24 20:34:43.943,91282CJK8_INQ0,91282CJK8,BUY,1000000,99-065,DONE,
2023-12-24 20:34:43.943,91282CJK8_INQ1,91282CJK8,SELL,2000000,100-053,DONE,
2023-12-24 20:34:43.943,91282CJK8_INQ2,91282CJK8,BUY,3000000,99-12+,DONE,
2023-12-24 20:34:43.943,91282CJK8_INQ3,91282CJK8,SELL,4000000,100-041,DONE,
2023-12-24 20:34:43.943,91282CJK8_INQ4,91282CJK8,BUY,5000000,99-115,DONE,
2023-12-24 20:34:43.943,91282CJK8_INQ5,91282CJK8,SELL,1000000,99-195,DONE,
2023-12-24 20:34:43.943,91282CJK8_INQ6,91282CJK8,BUY,2000000,99-282,DONE,
2023-12-24 20:34:43.943,91282CJK8_INQ7,91282CJK8,SELL,3000000,100-172,DONE,
2023-12-24 20:34:43.943,91282CJK8_INQ8,91282CJK8,BUY,4000000,100-103,DONE,
2023-12-24 20:34:43.943,91282CJK8_INQ9,91282CJK8,SELL,5000000,100-07+,DONE,
2023-12-24 20:34:43.943,91282CJN2_INQ0,91282CJN2,BUY,1000000,99-196,DONE,
2023-12-24 20:34:43.943,91282CJN2_INQ1,91282CJN2,SELL,2000000,100-111,DONE,
2023-12-24 20:34:43.943,91282CJN2_INQ2,91282CJN2,BUY,3000000,100-225,DONE,
2023-12-24 20:34:43.943,91282CJN2_INQ3,91282CJN2,SELL,4000000,99-046,DONE,
2023-12-24 20:34:43.943,91282CJN2_INQ4,91282CJN2,BUY,5000000,100-19+,DONE,
2023-12-24 20:34:43.943,91282CJN2_INQ5,91282CJN2,SELL,1000000,100-192,DONE,
2023-12-24 20:34:43.943,91282CJN2_INQ6,91282CJN2,BUY,2000000,99-173,DONE,
2023-12-24 20:34:43.943,91282CJN2_INQ7,91282CJN2,SELL,3000000,99-066,DONE,
2023-12-24 20:34:43.943,91282CJN2_INQ8,91282CJN2,BUY,4000000,99-250,DONE,
2023-12-24 20:34:43.943,91282CJN2_INQ9,91282CJN2,SELL,5000000,99-012,DONE,
2023-12-24 20:34:43.943,91282CJM4_INQ0,91282CJM4,BUY,1000000,99-277,DONE,
2023-12-24 20:34:43.943,91282CJM4_INQ1,91282CJM4,SELL,2000000,100-201,DONE,
2023-12-24 20:34:43.943,91282CJM4_INQ2,91282CJM4,BUY,3000000,100-05+,DONE,
2023-12-24 20:34:43.943,91282CJM4_INQ3,91282CJM4,SELL,4000000,99-292,DONE,
2023-12-24 20:34:43.943,91282CJM4_INQ4,91282CJM4,BUY,5000000,100-21+,DONE,
2023-12-24 20:34:43.943,91282CJM4_INQ5,91282CJM4,SELL,1000000,99-16+,DONE,
2023-12-24 20:34:43.943,91282CJM4_INQ6,91282CJM4,BUY,2000000,100-235,DONE,
2023-12-24 20:34:43.943,91282CJM4_INQ7,91282CJM4,SELL,3000000,99-22+,DONE,
2023-12-24 20:34:43.943,91282CJM4_INQ8,91282CJM4,BUY,4000000,99-003,DONE,
2023-12-24 20:34:43.943,91282CJM4_INQ9,91282CJM4,SELL,5000000,99-07+,DONE,
2023-12-24 20:34:43.943,91282CJJ1_INQ0,91282CJJ1,BUY,1000000,100-076,DONE,
2023-12-24 20:34:43.943,91282CJJ1_INQ1,91282CJJ1,SELL,2000000,100-235,DONE,
2023-12-24 20:34:43.943,91282CJJ1_INQ2,91282CJJ1,BUY,3000000,99-221,DONE,
2023-12-24 20:34:43.943,91282CJJ1_INQ3,91282CJJ1,SELL,4000000,100-180,DONE,
2023-12-24 20:34:43.943,91282CJJ1_INQ4,91282CJJ1,BUY,5000000,99-060,DONE,
2023-12-24 20:34:43.943,91282CJJ1_INQ5,91282CJJ1,SELL,1000000,99-237,DONE,
2023-12-24 20:34:43.943,91282CJJ1_INQ6,91282CJJ1,BUY,2000000,99-27+,DONE,
2023-12-24 20:34:43.943,91282CJJ1_INQ7,91282CJJ1,SELL,3000000,99-247,DONE,
2023-12-24 20:34:43.944,91282CJJ1_INQ8,91282CJJ1,BUY,4000000,100-061,DONE,
2023-12-24 20:34:43.944,91282CJJ1_INQ9,91282CJJ1,SELL,5000000,100-301,DONE,
2023-12-24 20:34:43.944,912810TW8_INQ0,912810TW8,BUY,1000000,100-202,DONE,
2023-12-24 20:34:43.944,912810TW8_INQ1,912810TW8,SELL,2000000,99-273,DONE,
2023-12-24 20:34:43.944,912810TW8_INQ2,912810TW8,BUY,3000000,100-067,DONE,
2023-12-24 20:34:43.944,912810TW8_INQ3,912810TW8,SELL,4000000,99-075,DONE,
2023-12-24 20:34:43.944,912810TW8_INQ4,912810TW8,BUY,5000000,99-02+,DONE,
2023-12-24 20:34:43.944,912810TW8_INQ5,912810TW8,SELL,1000000,99-130,DONE,
2023-12-24 20:34:43.944,912810TW8_INQ6,912810TW8,BUY,2000000,99-100,DONE,
2023-12-24 20:34:43.944,912810TW8_INQ7,912810TW8,SELL,3000000,99-281,DONE,
2023-12-24 20:34:43.944,912810TW8_INQ8,912810TW8,BUY,4000000,99-031,DONE,
2023-12-24 20:34:43.944,912810TW8_INQ9,912810TW8,SELL,5000000,99-237,DONE,
2023-12-24 20:34:43.944,912810TV0_INQ0,912810TV0,BUY,1000000,99-296,DONE,
2023-12-24 20:34:43.944,912810TV0_INQ1,912810TV0,SELL,2000000,100-193,DONE,
2023-12-24 20:34:43.944,912810TV0_INQ2,912810TV0,BUY,3000000,99-22+,DONE,
2023-12-24 20:34:43.944,912810TV0_INQ3,912810TV0,SELL,4000000,99-160,DONE,
2023-12-24 20:34:43.944,912810TV0_INQ4,912810TV0,BUY,5000000,99-192,DONE,
2023-12-24 20:34:43.944,912810TV0_INQ5,912810TV0,SELL,1000000,100-31+,DONE,
2023-12-24 20:34:43.944,912810TV0_INQ6,912810TV0,BUY,2000000,100-061,DONE,
2023-12-24 20:34:43.944,912810TV0_INQ7,912810TV0,SELL,3000000,100-023,DONE,
2023-12-24 20:34:43.944,912810TV0_INQ8,912810TV0,BUY,4000000,99-00+,DONE,
2023-12-24 20:34:43.944,912810TV0_INQ9,912810TV0,SELL,5000000,100-172,DONE,
2023-12-24 20:37:54.902,91282CJL6_INQ0,91282CJL6,BUY,1000000,100-006,DONE,
2023-12-24 20:37:54.902,91282CJL6_INQ1,91282CJL6,SELL,2000000,99-016,DONE,
2023-12-24 20:37:54.902,91282CJL6_INQ2,91282CJL6,BUY,3000000,99-050,DONE,
2023-12-24 20:37:54.902,91282CJL6_INQ3,91282CJL6,SELL,4000000,100-133,DONE,
2023-12-24 20:37:54.902,91282CJL6_INQ4,91282CJL6,BUY,5000000,99-157,DONE,
2023-12-24 20:37:54.902,91282CJL6_INQ5,91282CJL6,SELL,1000000,100-277,DONE,
2023-12-24 20:37:54.902,91282CJL6_INQ6,91282CJL6,BUY,2000000,100-083,DONE,
2023-12-24 20:37:54.902,91282CJL6_INQ7,91282CJL6,SELL,3000000,100-047,DONE,
2023-12-24 20:37:54.902,91282CJL6_INQ8,91282CJL6,BUY,4000000,99-245,DONE,
2023-12-24 20:37:54.902,91282CJL6_INQ9,91282CJL6,SELL,5000000,100-231,DONE,
2023-12-24 20:37:54.902,91282CJK8_INQ0,91282CJK8,BUY,1000000,100-15+,DONE,
2023-12-24 20:37:54.902,91282CJK8_INQ1,91282CJK8,SELL,2000000,99-030,DONE,
2023-12-24 20:37:54.902,91282CJK8_INQ2,91282CJK8,BUY,3000000,100-272,DONE,
2023-12-24 20:37:54.902,91282CJK8_INQ3,91282CJK8,SELL,4000000,100-296,DONE,
2023-12-24 20:37:54.902,91282CJK8_INQ4,91282CJK8,BUY,5000000,100-230,DONE,
2023-12-24 20:37:54.902,91282CJK8_INQ5,91282CJK8,SELL,1000000,100-195,DONE,
2023-12-24 20:37:54.902,91282CJK8_INQ6,91282CJK8,BUY,2000000,99-222,DONE,
2023-12-24 20:37:54.902,91282CJK8_INQ7,91282CJK8,SELL,3000000,100-166,DONE,
2023-12-24 20:37:54.902,91282CJK8_INQ8,91282CJK8,BUY,4000000,99-133,DONE,
2023-12-24 20:37:54.902,91282CJK8_INQ9,91282CJK8,SELL,5000000,99-243,DONE,
2023-12-24 20:37:54.902,91282CJN2_INQ0,91282CJN2,BUY,1000000,100-036,DONE,
2023-12-24 20:37:54.903,91282CJN2_INQ1,91282CJN2,SELL,2000000,99-102,DONE,
2023-12-24 20:37:54.903,91282CJN2_INQ2,91282CJN2,BUY,3000000,100-08+,DONE,
2023-12-24 20:37:54.903,91282CJN2_INQ3,91282CJN2,SELL,4000000,100-02+,DONE,
2023-12-24 20:37:54.903,91282CJN2_INQ4,91282CJN2,BUY,5000000,99-101,DONE,
2023-12-24 20:37:54.903,91282CJN2_INQ5,91282CJN2,SELL,1000000,100-077,DONE,
2023-12-24 20:37:54.903,91282CJN2_INQ6,91282CJN2,BUY,2000000,99-005,DONE,
2023-12-24 20:37:54.903,91282CJN2_INQ7,91282CJN2,SELL,3000000,100-147,DONE,
2023-12-24 20:37:54.903,91282CJN2_INQ8,91282CJN2,BUY,4000000,100-231,DONE,
2023-12-24 20:37:54.903,91282CJN2_INQ9,91282CJN2,SELL,5000000,100-237,DONE,
2023-12-24 20:37:54.903,91282CJM4_INQ0,91282CJM4,BUY,1000000,99-273,DONE,
2023-12-24 20:37:54.903,91282CJM4_INQ1,91282CJM4,SELL,2000000,100-151,DONE,
2023-12-24 20:37:54.903,91282CJM4_INQ2,91282CJM4,BUY,3000000,100-176,DONE,
2023-12-24 20:37:54.903,91282CJM4_INQ3,91282CJM4,SELL,4000000,100-290,DONE,
2023-12-24 20:37:54.903,91282CJM4_INQ4,91282CJM4,BUY,5000000,99-120,DONE,
2023-12-24 20:37:54.903,91282CJM4_INQ5,91282CJM4,SELL,1000000,99-231,DONE,
2023-12-24 20:37:54.903,91282CJM4_INQ6,91282CJM4,BUY,2000000,100-08+,DONE,
2023-12-24 20:37:54.903,91282CJM4_INQ7,91282CJM4,SELL,3000000,99-162,DONE,
2023-12-24 20:37:54.903,91282CJM4_INQ8,91282CJM4,BUY,4000000,99-035,DONE,
2023-12-24 20:37:54.903,91282CJM4_INQ9,91282CJM4,SELL,5000000,100-267,DONE,
2023-12-24 20:37:54.903,91282CJJ1_INQ0,91282CJJ1,BUY,1000000,99-221,DONE,
2023-12-24 20:37:54.903,91282CJJ1_INQ1,91282CJJ1,SELL,2000000,100-18+,DONE,
2023-12-24 20:37:54.903,91282CJJ1_INQ2,91282CJJ1,BUY,3000000,100-261,DONE,
2023-12-24 20:37:54.903,91282CJJ1_INQ3,91282CJJ1,SELL,4000000,100-282,DONE,
2023-12-24 20:37:54.903,91282CJJ1_INQ4,91282CJJ1,BUY,5000000,100-171,DONE,
2023-12-24 20:37:54.903,91282CJJ1_INQ5,91282CJJ1,SELL,1000000,99-073,DONE,
2023-12-24 20:37:54.903,91282CJJ1_INQ6,91282CJJ1,BUY,2000000,100-142,DONE,
2023-12-24 20:37:54.903,91282CJJ1_INQ7,91282CJJ1,SELL,3000000,100-137,DONE,
2023-12-24 20:37:54.903,91282CJJ1_INQ8,91282CJJ1,BUY,4000000,100-170,DONE,
2023-12-24 20:37:54.903,91282CJJ1_INQ9,91282CJJ1,SELL,5000000,99-125,DONE,
2023-12-24 20:37:54.903,912810TW8_INQ0,912810TW8,BUY,1000000,99-146,DONE,
2023-12-24 20:37:54.904,912810TW8_INQ1,912810TW8,SELL,2000000,99-257,DONE,
2023-12-24 20:37:54.904,912810TW8_INQ2,912810TW8,BUY,3000000,99-017,DONE,
2023-12-24 20:37:54.904,912810TW8_INQ3,912810TW8,SELL,4000000,99-027,DONE,
2023-12-24 20:37:54.904,912810TW8_INQ4,912810TW8,BUY,5000000,100-125,DONE,
2023-12-24 20:37:54.904,912810TW8_INQ5,912810TW8,SELL,1000000,100-270,DONE,
2023-12-24 20:37:54.904,912810TW8_INQ6,912810TW8,BUY,2000000,99-045,DONE,
2023-12-24 20:37:54.904,912810TW8_INQ7,912810TW8,SELL,3000000,100-095,DONE,
2023-12-24 20:37:54.904,912810TW8_INQ8,912810TW8,BUY,4000000,99-120,DONE,
2023-12-24 20:37:54.904,912810TW8_INQ9,912810TW8,SELL,5000000,99-30+,DONE,
2023-12-24 20:37:54.904,912810TV0_INQ0,912810TV0,BUY,1000000,99-012,DONE,
2023-12-24 20:37:54.904,912810TV0_INQ1,912810TV0,SELL,2000000,100-205,DONE,
2023-12-24 20:37:54.904,912810TV0_INQ2,912810TV0,BUY,3000000,100-152,DONE,
2023-12-24 20:37:54.904,912810TV0_INQ3,912810TV0,SELL,4000000,99-306,DONE,
2023-12-24 20:37:54.904,912810TV0_INQ4,912810TV0,BUY,5000000,99-036,DONE,
2023-12-24 20:37:54.904,912810TV0_INQ5,912810TV0,SELL,1000000,99-137,DONE,
2023-12-24 20:37:54.904,912810TV0_INQ6,912810TV0,BUY,2000000,99-256,DONE,
2023-12-24 20:37:54.904,912810TV0_INQ7,912810TV0,SELL,3000000,99-251,DONE,
2023-12-24 20:37:54.904,912810TV0_INQ8,912810TV0,BUY,4000000,100-027,DONE,
2023-12-24 20:37:54.904,912810TV0_INQ9,912810TV0,SELL,5000000,99-036,DONE,
2023-12-24 21:43:03.901,91282CJL6_INQ0,91282CJL6,BUY,1000000,100-22+,DONE,
2023-12-24 21:43:03.901,91282CJL6_INQ1,91282CJL6,SELL,2000000,99-173,DONE,
2023-12-24 21:43:03.901,91282CJL6_INQ2,91282CJL6,BUY,3000000,100-305,DONE,
2023-12-24 21:43:03.901,91282CJL6_INQ3,91282CJL6,SELL,4000000,100-011,DONE,
2023-12-24 21:43:03.901,91282CJL6_INQ4,91282CJL6,BUY,5000000,99-311,DONE,
2023-12-24 21:43:03.901,91282CJL6_INQ5,91282CJL6,SELL,1000000,100-230,DONE,
2023-12-24 21:43:03.901,91282CJL6_INQ6,91282CJL6,BUY,2000000,100-257,DONE,
2023-12-24 21:43:03.901,91282CJL6_INQ7,91282CJL6,SELL,3000000,100-047,DONE,
2023-12-24 21:43:03.901,91282CJL6_INQ8,91282CJL6,BUY,4000000,100-300,DONE,
2023-12-24 21:43:03.901,91282CJL6_INQ9,91282CJL6,SELL,5000000,100-245,DONE,
2023-12-24 21:43:03.901,91282CJK8_INQ0,91282CJK8,BUY,1000000,100-267,DONE,
2023-12-24 21:43:03.902,91282CJK8_INQ1,91282CJK8,SELL,2000000,99-273,DONE,
2023-12-24 21:43:03.902,91282CJK8_INQ2,91282CJK8,BUY,3000000,99-205,DONE,
2023-12-24 21:43:03.902,91282CJK8_INQ3,91282CJK8,SELL,4000000,100-242,DONE,
2023-12-24 21:43:03.902,91282CJK8_INQ4,91282CJK8,BUY,5000000,99-101,DONE,
2023-12-24 21:43:03.902,91282CJK8_INQ5,91282CJK8,SELL,1000000,100-253,DONE,
2023-12-24 21:43:03.902,91282CJK8_INQ6,91282CJK8,BUY,2000000,100-146,DONE,
2023-12-24 21:43:03.902,91282CJK8_INQ7,91282CJK8,SELL,3000000,99-120,DONE,
2023-12-24 21:43:03.902,91282CJK8_INQ8,91282CJK8,BUY,4000000,100-01+,DONE,
2023-12-24 21:43:03.902,91282CJK8_INQ9,91282CJK8,SELL,5000000,100-223,DONE,
2023-12-24 21:43:03.902,91282CJN2_INQ0,91282CJN2,BUY,1000000,100-220,DONE,
2023-12-24 21:43:03.902,91282CJN2_INQ1,91282CJN2,SELL,2000000,99-076,DONE,
2023-12-24 21:43:03.902,91282CJN2_INQ2,91282CJN2,BUY,3000000,99-251,DONE,
2023-12-24 21:43:03.902,91282CJN2_INQ3,91282CJN2,SELL,4000000,100-313,DONE,
2023-12-24 21:43:03.902,91282CJN2_INQ4,91282CJN2,BUY,5000000,100-146,DONE,
2023-12-24 21:43:03.902,91282CJN2_INQ5,91282CJN2,SELL,1000000,100-052,DONE,
2023-12-24 21:43:03.902,91282CJN2_INQ6,91282CJN2,BUY,2000000,100-241,DONE,
2023-12-24 21:43:03.902,91282CJN2_INQ7,91282CJN2,SELL,3000000,100-301,DONE,
2023-12-24 21:43:03.902,91282CJN2_INQ8,91282CJN2,BUY,4000000,100-252,DONE,
2023-12-24 21:43:03.902,91282CJN2_INQ9,91282CJN2,SELL,5000000,99-102,DONE,
2023-12-24 21:43:03.902,91282CJM4_INQ0,91282CJM4,BUY,1000000,99-261,DONE,
2023-12-24 21:43:03.902,91282CJM4_INQ1,91282CJM4,SELL,2000000,99-056,DONE,
2023-12-24 21:43:03.902,91282CJM4_INQ2,91282CJM4,BUY,3000000,100-120,DONE,
2023-12-24 21:43:03.902,91282CJM4_INQ3,91282CJM4,SELL,4000000,99-281,DONE,
2023-12-24 21:43:03.902,91282CJM4_INQ4,91282CJM4,BUY,5000000,99-30+,DONE,
2023-12-24 21:43:03.902,91282CJM4_INQ5,91282CJM4,SELL,1000000,99-112,DONE,
2023-12-24 21:43:03.902,91282CJM4_INQ6,91282CJM4,BUY,2000000,100-196,DONE,
2023-12-24 21:43:03.902,91282CJM4_INQ7,91282CJM4,SELL,3000000,100-002,DONE,
2023-12-24 21:43:03.902,91282CJM4_INQ8,91282CJM4,BUY,4000000,99-225,DONE,
2023-12-24 21:43:03.902,91282CJM4_INQ9,91282CJM4,SELL,5000000,99-113,DONE,
2023-12-24 21:43:03.902,91282CJJ1_INQ0,91282CJJ1,BUY,1000000,99-141,DONE,
2023-12-24 21:43:03.902,91282CJJ1_INQ1,91282CJJ1,SELL,2000000,100-293,DONE,
2023-12-24 21:43:03.902,91282CJJ1_INQ2,91282CJJ1,BUY,3000000,99-015,DONE,
2023-12-24 21:43:03.902,91282CJJ1_INQ3,91282CJJ1,SELL,4000000,100-27+,DONE,
2023-12-24 21:43:03.902,91282CJJ1_INQ4,91282CJJ1,BUY,5000000,100-087,DONE,
2023-12-24 21:43:03.902,91282CJJ1_INQ5,91282CJJ1,SELL,1000000,100-001,DONE,
2023-12-24 21:43:03.903,91282CJJ1_INQ6,91282CJJ1,BUY,2000000,100-173,DONE,
2023-12-24 21:43:03.903,91282CJJ1_INQ7,91282CJJ1,SELL,3000000,99-02+,DONE,
2023-12-24 21:43:03.903,91282CJJ1_INQ8,91282CJJ1,BUY,4000000,100-235,DONE,
2023-12-24 21:43:03.903,91282CJJ1_INQ9,91282CJJ1,SELL,5000000,99-277,DONE,
2023-12-24 21:43:03.903,912810TW8_INQ0,912810TW8,BUY,1000000,100-182,DONE,
2023-12-24 21:43:03.903,912810TW8_INQ1,912810TW8,SELL,2000000,100-040,DONE,
2023-12-24 21:43:03.903,912810TW8_INQ2,912810TW8,BUY,3000000,99-077,DONE,
2023-12-24 21:43:03.903,912810TW8_INQ3,912810TW8,SELL,4000000,100-103,DONE,
2023-12-24 21:43:03.903,912810TW8_INQ4,912810TW8,BUY,5000000,99-226,DONE,
2023-12-24 21:43:03.903,912810TW8_INQ5,912810TW8,SELL,1000000,99-296,DONE,
2023-12-24 21:43:03.903,912810TW8_INQ6,912810TW8,BUY,2000000,99-246,DONE,
2023-12-24 21:43:03.903,912810TW8_INQ7,912810TW8,SELL,3000000,100-263,DONE,
2023-12-24 21:43:03.903,912810TW8_INQ8,912810TW8,BUY,4000000,100-117,DONE,
2023-12-24 21:43:03.903,912810TW8_INQ9,912810TW8,SELL,5000000,100-223,DONE,
2023-12-24 21:43:03.903,912810TV0_INQ0,912810TV0,BUY,1000000,100-303,DONE,
2023-12-24 21:43:03.903,912810TV0_INQ1,912810TV0,SELL,2000000,100-252,DONE,
2023-12-24 21:43:03.903,912810TV0_INQ2,912810TV0,BUY,3000000,99-023,DONE,
2023-12-24 21:43:03.903,912810TV0_INQ3,912810TV0,SELL,4000000,99-23+,DONE,
2023-12-24 21:43:03.903,912810TV0_INQ4,912810TV0,BUY,5000000,99-181,DONE,
2023-12-24 21:43:03.903,912810TV0_INQ5,912810TV0,SELL,1000000,100-025,DONE,
2023-12-24 21:43:03.903,912810TV0_INQ6,912810TV0,BUY,2000000,99-257,DONE,
2023-12-24 21:43:03.903,912810TV0_INQ7,912810TV0,SELL,3000000,99-132,DONE,
2023-12-24 21:43:03.903,912810TV0_INQ8,912810TV0,BUY,4000000,99-310,DONE,
2023-12-24 21:43:03.903,912810TV0_INQ9,912810TV0,SELL,5000000,100-216,DONE,
2023-12-24 21:53:01.495,91282CJL6_INQ0,91282CJL6,BUY,1000000,99-156,DONE,
2023-12-24 21:53:01.496,91282CJL6_INQ1,91282CJL6,SELL,2000000,100-305,DONE,
2023-12-24 21:53:01.496,91282CJL6_INQ2,91282CJL6,BUY,3000000,99-220,DONE,
2023-12-24 21:53:01.496,91282CJL6_INQ3,91282CJL6,SELL,4000000,100-141,DONE,
2023-12-24 21:53:01.496,91282CJL6_INQ4,91282CJL6,BUY,5000000,100-265,DONE,
2023-12-24 21:53:01.496,91282CJL6_INQ5,91282CJL6,SELL,1000000,100-206,DONE,
2023-12-24 21:53:01.496,91282CJL6_INQ6,91282CJL6,BUY,2000000,99-240,DONE,
2023-12-24 21:53:01.496,91282CJL6_INQ7,91282CJL6,SELL,3000000,100-183,DONE,
2023-12-24 21:53:01.496,91282CJL6_INQ8,91282CJL6,BUY,4000000,100-123,DONE,
2023-12-24 21:53:01.496,91282CJL6_INQ9,91282CJL6,SELL,5000000,100-171,DONE,
2023-12-24 21:53:01.496,91282CJK8_INQ0,91282CJK8,BUY,1000000,100-075,DONE,
2023-12-24 21:53:01.496,91282CJK8_INQ1,91282CJK8,SELL,2000000,99-023,DONE,
2023-12-24 21:53:01.496,91282CJK8_INQ2,91282CJK8,BUY,3000000,100-133,DONE,
2023-12-24 21:53:01.496,91282CJK8_INQ3,91282CJK8,SELL,4000000,99-256,DONE,
2023-12-24 21:53:01.496,91282CJK8_INQ4,91282CJK8,BUY,5000000,99-113,DONE,
2023-12-24 21:53:01.496,91282CJK8_INQ5,91282CJK8,SELL,1000000,100-147,DONE,
2023-12-24 21:53:01.496,91282CJK8_INQ6,91282CJK8,BUY,2000000,99-211,DONE,
2023-12-24 21:53:01.496,91282CJK8_INQ7,91282CJK8,SELL,3000000,100-023,DONE,
2023-12-24 21:53:01.496,91282CJK8_INQ8,91282CJK8,BUY,4000000,99-06+,DONE,
2023-12-24 21:53:01.496,91282CJK8_INQ9,91282CJK8,SELL,5000000,99-237,DONE,
2023-12-24 21:53:01.496,91282CJN2_INQ0,91282CJN2,BUY,1000000,100-233,DONE,
2023-12-24 21:53:01.496,91282CJN2_INQ1,91282CJN2,SELL,2000000,100-203,DONE,
2023-12-24 21:53:01.496,91282CJN2_INQ2,91282CJN2,BUY,3000000,99-17+,DONE,
2023-12-24 21:53:01.496,91282CJN2_INQ3,91282CJN2,SELL,4000000,99-116,DONE,
2023-12-24 21:53:01.496,91282CJN2_INQ4,91282CJN2,BUY,5000000,100-002,DONE,
2023-12-24 21:53:01.496,91282CJN2_INQ5,91282CJN2,SELL,1000000,99-155,DONE,
2023-12-24 21:53:01.496,91282CJN2_INQ6,91282CJN2,BUY,2000000,100-07+,DONE,
2023-12-24 21:53:01.496,91282CJN2_INQ7,91282CJN2,SELL,3000000,99-030,DONE,
2023-12-24 21:53:01.497,91282CJN2_INQ8,91282CJN2,BUY,4000000,100-317,DONE,
2023-12-24 21:53:01.497,91282CJN2_INQ9,91282CJN2,SELL,5000000,99-276,DONE,
2023-12-24 21:53:01.497,91282CJM4_INQ0,91282CJM4,BUY,1000000,99-125,DONE,
2023-12-24 21:53:01.497,91282CJM4_INQ1,91282CJM4,SELL,2000000,99-285,DONE,
2023-12-24 21:53:01.497,91282CJM4_INQ2,91282CJM4,BUY,3000000,100-032,DONE,
2023-12-24 21:53:01.497,91282CJM4_INQ3,91282CJM4,SELL,4000000,99-08+,DONE,
2023-12-24 21:53:01.497,91282CJM4_INQ4,91282CJM4,BUY,5000000,99-025,DONE,
2023-12-24 21:53:01.497,91282CJM4_INQ5,91282CJM4,SELL,1000000,100-096,DONE,
2023-12-24 21:53:01.497,91282CJM4_INQ6,91282CJM4,BUY,2000000,100-087,DONE,
2023-12-24 21:53:01.497,91282CJM4_INQ7,91282CJM4,SELL,3000000,100-201,DONE,
2023-12-24 21:53:01.497,91282CJM4_INQ8,91282CJM4,BUY,4000000,100-312,DONE,
2023-12-24 21:53:01.497,91282CJM4_INQ9,91282CJM4,SELL,5000000,100-16+,DONE,
2023-12-24 21:53:01.497,91282CJJ1_INQ0,91282CJJ1,BUY,1000000,99-062,DONE,
2023-12-24 21:53:01.497,91282CJJ1_INQ1,91282CJJ1,SELL,2000000,100-267,DONE,
2023-12-24 21:53:01.497,91282CJJ1_INQ2,91282CJJ1,BUY,3000000,99-295,DONE,
2023-12-24 21:53:01.497,91282CJJ1_INQ3,91282CJJ1,SELL,4000000,99-287,DONE,
2023-12-24 21:53:01.497,91282CJJ1_INQ4,91282CJJ1,BUY,5000000,99-203,DONE,
2023-12-24 21:53:01.497,91282CJJ1_INQ5,91282CJJ1,SELL,1000000,99-070,DONE,
2023-12-24 21:53:01.497,91282CJJ1_INQ6,91282CJJ1,BUY,2000000,100-130,DONE,
2023-12-24 21:53:01.497,91282CJJ1_INQ7,91282CJJ1,SELL,3000000,100-237,DONE,
2023-12-24 21:53:01.497,91282CJJ1_INQ8,91282CJJ1,BUY,4000000,100-001,DONE,
2023-12-24 21:53:01.497,91282CJJ1_INQ9,91282CJJ1,SELL,5000000,100-257,DONE,
2023-12-24 21:53:01.497,912810TW8_INQ0,912810TW8,BUY,1000000,100-030,DONE,
2023-12-24 21:53:01.497,912810TW8_INQ1,912810TW8,SELL,2000000,99-065,DONE,
2023-12-24 21:53:01.497,912810TW8_INQ2,912810TW8,BUY,3000000,100-063,DONE,
2023-12-24 21:53:01.497,912810TW8_INQ3,912810TW8,SELL,4000000,99-090,DONE,
2023-12-24 21:53:01.497,912810TW8_INQ4,912810TW8,BUY,5000000,99-151,DONE,
2023-12-24 21:53:01.497,912810TW8_INQ5,912810TW8,SELL,1000000,100-190,DONE,
2023-12-24 21:53:01.497,912810TW8_INQ6,912810TW8,BUY,2000000,99-270,DONE,
2023-12-24 21:53:01.497,912810TW8_INQ7,912810TW8,SELL,3000000,99-182,DONE,
2023-12-24 21:53:01.497,912810TW8_INQ8,912810TW8,BUY,4000000,100-200,DONE,
2023-12-24 21:53:01.497,912810TW8_INQ9,912810TW8,SELL,5000000,100-105,DONE,
2023-12-24 21:53:01.497,912810TV0_INQ0,912810TV0,BUY,1000000,99-282,DONE,
2023-12-24 21:53:01.497,912810TV0_INQ1,912810TV0,SELL,2000000,100-11+,DONE,
2023-12-24 21:53:01.498,912810TV0_INQ2,912810TV0,BUY,3000000,99-19+,DONE,
2023-12-24 21:53:01.498,912810TV0_INQ3,912810TV0,SELL,4000000,100-286,DONE,
2023-12-24 21:53:01.498,912810TV0_INQ4,912810TV0,BUY,5000000,99-045,DONE,
2023-12-24 21:53:01.498,912810TV0_INQ5,912810TV0,SELL,1000000,100-082,DONE,
2023-12-24 21:53:01.498,912810TV0_INQ6,912810TV0,BUY,2000000,100-217,DONE,
2023-12-24 21:53:01.498,912810TV0_INQ7,912810TV0,SELL,3000000,99-207,DONE,
2023-12-24 21:53:01.498,912810TV0_INQ8,912810TV0,BUY,4000000,99-035,DONE,
2023-12-24 21:53:01.498,912810TV0_INQ9,912810TV0,SELL,5000000,100-056,DONE,
2023-12-24 21:58:21.223,91282CJL6_INQ0,91282CJL6,BUY,1000000,100-020,DONE,
2023-12-24 21:58:21.223,91282CJL6_INQ1,91282CJL6,SELL,2000000,100-170,DONE,
2023-12-24 21:58:21.223,91282CJL6_INQ2,91282CJL6,BUY,3000000,100-245,DONE,
2023-12-24 21:58:21.223,91282CJL6_INQ3,91282CJL6,SELL,4000000,100-112,DONE,
2023-12-24 21:58:21.223,91282CJL6_INQ4,91282CJL6,BUY,5000000,100-225,DONE,
2023-12-24 21:58:21.223,91282CJL6_INQ5,91282CJL6,SELL,1000000,99-185,DONE,
2023-12-24 21:58:21.223,91282CJL6_INQ6,91282CJL6,BUY,2000000,99-085,DONE,
2023-12-24 21:58:21.223,91282CJL6_INQ7,91282CJL6,SELL,3000000,99-240,DONE,
2023-12-24 21:58:21.223,91282CJL6_INQ8,91282CJL6,BUY,4000000,99-057,DONE,
2023-12-24 21:58:21.223,91282CJL6_INQ9,91282CJL6,SELL,5000000,100-207,DONE,
2023-12-24 21:58:21.223,91282CJK8_INQ0,91282CJK8,BUY,1000000,99-093,DONE,
2023-12-24 21:58:21.223,91282CJK8_INQ1,91282CJK8,SELL,2000000,100-211,DONE,
2023-12-24 21:58:21.223,91282CJK8_INQ2,91282CJK8,BUY,3000000,99-196,DONE,
2023-12-24 21:58:21.223,91282CJK8_INQ3,91282CJK8,SELL,4000000,100-125,DONE,
2023-12-24 21:58:21.223,91282CJK8_INQ4,91282CJK8,BUY,5000000,99-075,DONE,
2023-12-24 21:58:21.223,91282CJK8_INQ5,91282CJK8,SELL,1000000,99-256,DONE,
2023-12-24 21:58:21.223,91282CJK8_INQ6,91282CJK8,BUY,2000000,99-055,DONE,
2023-12-24 21:58:21.223,91282CJK8_INQ7,91282CJK8,SELL,3000000,100-157,DONE,
2023-12-24 21:58:21.223,91282CJK8_INQ8,91282CJK8,BUY,4000000,100-056,DONE,
2023-12-24 21:58:21.223,91282CJK8_INQ9,91282CJK8,SELL,5000000,99-101,DONE,
2023-12-24 21:58:21.224,91282CJN2_INQ0,91282CJN2,BUY,1000000,100-31+,DONE,
2023-12-24 21:58:21.224,91282CJN2_INQ1,91282CJN2,SELL,2000000,100-241,DONE,
2023-12-24 21:58:21.224,91282CJN2_INQ2,91282CJN2,BUY,3000000,100-241,DONE,
2023-12-24 21:58:21.224,91282CJN2_INQ3,91282CJN2,SELL,4000000,99-301,DONE,
2023-12-24 21:58:21.224,91282CJN2_INQ4,91282CJN2,BUY,5000000,100-153,DONE,
2023-12-24 21:58:21.224,91282CJN2_INQ5,91282CJN2,SELL,1000000,99-243,DONE,
2023-12-24 21:58:21.224,91282CJN2_INQ6,91282CJN2,BUY,2000000,99-025,DONE,
2023-12-24 21:58:21.224,91282CJN2_INQ7,91282CJN2,SELL,3000000,99-012,DONE,
2023-12-24 21:58:21.224,91282CJN2_INQ8,91282CJN2,BUY,4000000,99-223,DONE,
2023-12-24 21:58:21.224,91282CJN2_INQ9,91282CJN2,SELL,5000000,99-117,DONE,
2023-12-24 21:58:21.224,91282CJM4_INQ0,91282CJM4,BUY,1000000,99-173,DONE,
2023-12-24 21:58:21.224,91282CJM4_INQ1,91282CJM4,SELL,2000000,99-005,DONE,
2023-12-24 21:58:21.224,91282CJM4_INQ2,91282CJM4,BUY,3000000,100-201,DONE,
2023-12-24 21:58:21.224,91282CJM4_INQ3,91282CJM4,SELL,4000000,99-15+,DONE,
2023-12-24 21:58:21.224,91282CJM4_INQ4,91282CJM4,BUY,5000000,99-062,DONE,
2023-12-24 21:58:21.224,91282CJM4_INQ5,91282CJM4,SELL,1000000,100-245,DONE,
2023-12-24 21:58:21.224,91282CJM4_INQ6,91282CJM4,BUY,2000000,99-180,DONE,
2023-12-24 21:58:21.224,91282CJM4_INQ7,91282CJM4,SELL,3000000,99-162,DONE,
2023-12-24 21:58:21.224,91282CJM4_INQ8,91282CJM4,BUY,4000000,99-045,DONE,
2023-12-24 21:58:21.224,91282CJM4_INQ9,91282CJM4,SELL,5000000,100-04+,DONE,
2023-12-24 21:58:21.224,91282CJJ1_INQ0,91282CJJ1,BUY,1000000,100-205,DONE,
2023-12-24 21:58:21.224,91282CJJ1_INQ1,91282CJJ1,SELL,2000000,100-01+,DONE,
2023-12-24 21:58:21.224,91282CJJ1_INQ2,91282CJJ1,BUY,3000000,100-266,DONE,
2023-12-24 21:58:21.224,91282CJJ1_INQ3,91282CJJ1,SELL,4000000,99-07+,DONE,
2023-12-24 21:58:21.224,91282CJJ1_INQ4,91282CJJ1,BUY,5000000,99-076,DONE,
2023-12-24 21:58:21.224,91282CJJ1_INQ5,91282CJJ1,SELL,1000000,100-21+,DONE,
2023-12-24 21:58:21.224,91282CJJ1_INQ6,91282CJJ1,BUY,2000000,99-08+,DONE,
2023-12-24 21:58:21.224,91282CJJ1_INQ7,91282CJJ1,SELL,3000000,99-20+,DONE,
2023-12-24 21:58:21.224,91282CJJ1_INQ8,91282CJJ1,BUY,4000000,100-063,DONE,
2023-12-24 21:58:21.224,91282CJJ1_INQ9,91282CJJ1,SELL,5000000,100-131,DONE,
2023-12-24 21:58:21.224,912810TW8_INQ0,912810TW8,BUY,1000000,99-227,DONE,
2023-12-24 21:58:21.225,912810TW8_INQ1,912810TW8,SELL,2000000,100-285,DONE,
2023-12-24 21:58:21.225,912810TW8_INQ2,912810TW8,BUY,3000000,100-121,DONE,
2023-12-24 21:58:21.225,912810TW8_INQ3,912810TW8,SELL,4000000,99-082,DONE,
2023-12-24 21:58:21.225,912810TW8_INQ4,912810TW8,BUY,5000000,99-195,DONE,
2023-12-24 21:58:21.225,912810TW8_INQ5,912810TW8,SELL,1000000,100-093,DONE,
2023-12-24 21:58:21.225,912810TW8_INQ6,912810TW8,BUY,2000000,99-141,DONE,
2023-12-24 21:58:21.225,912810TW8_INQ7,912810TW8,SELL,3000000,99-135,DONE,
2023-12-24 21:58:21.225,912810TW8_INQ8,912810TW8,BUY,4000000,100-101,DONE,
2023-12-24 21:58:21.225,912810TW8_INQ9,912810TW8,SELL,5000000,100-082,DONE,
2023-12-24 21:58:21.225,912810TV0_INQ0,912810TV0,BUY,1000000,99-250,DONE,
2023-12-24 21:58:21.225,912810TV0_INQ1,912810TV0,SELL,2000000,100-283,DONE,
2023-12-24 21:58:21.225,912810TV0_INQ2,912810TV0,BUY,3000000,99-10+,DONE,
2023-12-24 21:58:21.225,912810TV0_INQ3,912810TV0,SELL,4000000,100-087,DONE,
2023-12-24 21:58:21.225,912810TV0_INQ4,912810TV0,BUY,5000000,100-307,DONE,
2023-12-24 21:58:21.225,912810TV0_INQ5,912810TV0,SELL,1000000,100-140,DONE,
2023-12-24 21:58:21.225,912810TV0_INQ6,912810TV0,BUY,2000000,100-222,DONE,
2023-12-24 21:58:21.225,912810TV0_INQ7,912810TV0,SELL,3000000,100-125,DONE,
2023-12-24 21:58:21.225,912810TV0_INQ8,912810TV0,BUY,4000000,99-220,DONE,
2023-12-24 21:58:21.225,912810TV0_INQ9,912810TV0,SELL,5000000,100-115,DONE,
2023-12-24 22:02:01.434,91282CJL6_INQ0,91282CJL6,BUY,1000000,99-27+,DONE,
2023-12-24 22:02:01.434,91282CJL6_INQ1,91282CJL6,SELL,2000000,100-306,DONE,
2023-12-24 22:02:01.434,91282CJL6_INQ2,91282CJL6,BUY,3000000,99-056,DONE,
2023-12-24 22:02:01.434,91282CJL6_INQ3,91282CJL6,SELL,4000000,100-235,DONE,
2023-12-24 22:02:01.434,91282CJL6_INQ4,91282CJL6,BUY,5000000,99-256,DONE,
2023-12-24 22:02:01.434,91282CJL6_INQ5,91282CJL6,SELL,1000000,99-245,DONE,
2023-12-24 22:02:01.434,91282CJL6_INQ6,91282CJL6,BUY,2000000,99-282,DONE,
2023-12-24 22:02:01.434,91282CJL6_INQ7,91282CJL6,SELL,3000000,100-076,DONE,
2023-12-24 22:02:01.434,91282CJL6_INQ8,91282CJL6,BUY,4000000,100-09+,DONE,
2023-12-24 22:02:01.434,91282CJL6_INQ9,91282CJL6,SELL,5000000,100-253,DONE,
2023-12-24 22:02:01.434,91282CJK8_INQ0,91282CJK8,BUY,1000000,99-19+,DONE,
2023-12-24 22:02:01.434,91282CJK8_INQ1,91282CJK8,SELL,2000000,99-022,DONE,
2023-12-24 22:02:01.434,91282CJK8_INQ2,91282CJK8,BUY,3000000,99-02+,DONE,
2023-12-24 22:02:01.434,91282CJK8_INQ3,91282CJK8,SELL,4000000,100-177,DONE,
2023-12-24 22:02:01.435,91282CJK8_INQ4,91282CJK8,BUY,5000000,100-202,DONE,
2023-12-24 22:02:01.435,91282CJK8_INQ5,91282CJK8,SELL,1000000,99-233,DONE,
2023-12-24 22:02:01.435,91282CJK8_INQ6,91282CJK8,BUY,2000000,100-273,DONE,
2023-12-24 22:02:01.435,91282CJK8_INQ7,91282CJK8,SELL,3000000,99-316,DONE,
2023-12-24 22:02:01.435,91282CJK8_INQ8,91282CJK8,BUY,4000000,100-06+,DONE,
2023-12-24 22:02:01.435,91282CJK8_INQ9,91282CJK8,SELL,5000000,99-053,DONE,
2023-12-24 22:02:01.435,91282CJN2_INQ0,91282CJN2,BUY,1000000,100-072,DONE,
2023-12-24 22:02:01.435,91282CJN2_INQ1,91282CJN2,SELL,2000000,99-17+,DONE,
2023-12-24 22:02:01.435,91282CJN2_INQ2,91282CJN2,BUY,3000000,99-263,DONE,
2023-12-24 22:02:01.435,91282CJN2_INQ3,91282CJN2,SELL,4000000,99-292,DONE,
2023-12-24 22:02:01.435,91282CJN2_INQ4,91282CJN2,BUY,5000000,100-232,DONE,
2023-12-24 22:02:01.435,91282CJN2_INQ5,91282CJN2,SELL,1000000,99-216,DONE,
2023-12-24 22:02:01.435,91282CJN2_INQ6,91282CJN2,BUY,2000000,100-182,DONE,
2023-12-24 22:02:01.435,91282CJN2_INQ7,91282CJN2,SELL,3000000,100-030,DONE,
2023-12-24 22:02:01.435,91282CJN2_INQ8,91282CJN2,BUY,4000000,100-245,DONE,
2023-12-24 22:02:01.435,91282CJN2_INQ9,91282CJN2,SELL,5000000,99-066,DONE,
2023-12-24 22:02:01.435,91282CJM4_INQ0,91282CJM4,BUY,1000000,100-056,DONE,
2023-12-24 22:02:01.435,91282CJM4_INQ1,91282CJM4,SELL,2000000,99-26+,DONE,
2023-12-24 22:02:01.435,91282CJM4_INQ2,91282CJM4,BUY,3000000,99-215,DONE,
2023-12-24 22:02:01.435,91282CJM4_INQ3,91282CJM4,SELL,4000000,99-151,DONE,
2023-12-24 22:02:01.435,91282CJM4_INQ4,91282CJM4,BUY,5000000,99-055,DONE,
2023-12-24 22:02:01.435,91282CJM4_INQ5,91282CJM4,SELL,1000000,99-192,DONE,
2023-12-24 22:02:01.435,91282CJM4_INQ6,91282CJM4,BUY,2000000,100-190,DONE,
2023-12-24 22:02:01.435,91282CJM4_INQ7,91282CJM4,SELL,3000000,100-213,DONE,
2023-12-24 22:02:01.435,91282CJM4_INQ8,91282CJM4,BUY,4000000,100-071,DONE,
2023-12-24 22:02:01.435,91282CJM4_INQ9,91282CJM4,SELL,5000000,99-130,DONE,
2023-12-24 22:02:01.435,91282CJJ1_INQ0,91282CJJ1,BUY,1000000,99-187,DONE,
2023-12-24 22:02:01.435,91282CJJ1_INQ1,91282CJJ1,SELL,2000000,100-06+,DONE,
2023-12-24 22:02:01.435,91282CJJ1_INQ2,91282CJJ1,BUY,3000000,100-246,DONE,
2023-12-24 22:02:01.435,91282CJJ1_INQ3,91282CJJ1,SELL,4000000,99-172,DONE,
2023-12-24 22:02:01.436,91282CJJ1_INQ4,91282CJJ1,BUY,5000000,100-307,DONE,
2023-12-24 22:02:01.436,91282CJJ1_INQ5,91282CJJ1,SELL,1000000,100-172,DONE,
2023-12-24 22:02:01.436,91282CJJ1_INQ6,91282CJJ1,BUY,2000000,100-213,DONE,
2023-12-24 22:02:01.436,91282CJJ1_INQ7,91282CJJ1,SELL,3000000,100-085,DONE,
2023-12-24 22:02:01.436,91282CJJ1_INQ8,91282CJJ1,BUY,4000000,100-190,DONE,
2023-12-24 22:02:01.436,91282CJJ1_INQ9,91282CJJ1,SELL,5000000,100-080,DONE,
2023-12-24 22:02:01.436,912810TW8_INQ0,912810TW8,BUY,1000000,99-007,DONE,
2023-12-24 22:02:01.436,912810TW8_INQ1,912810TW8,SELL,2000000,99-063,DONE,
2023-12-24 22:02:01.436,912810TW8_INQ2,912810TW8,BUY,3000000,99-240,DONE,
2023-12-24 22:02:01.436,912810TW8_INQ3,912810TW8,SELL,4000000,99-126,DONE,
2023-12-24 22:02:01.436,912810TW8_INQ4,912810TW8,BUY,5000000,99-297,DONE,
2023-12-24 22:02:01.436,912810TW8_INQ5,912810TW8,SELL,1000000,99-086,DONE,
2023-12-24 22:02:01.436,912810TW8_INQ6,912810TW8,BUY,2000000,99-156,DONE,
2023-12-24 22:02:01.436,912810TW8_INQ7,912810TW8,SELL,3000000,100-201,DONE,
2023-12-24 22:02:01.436,912810TW8_INQ8,912810TW8,BUY,4000000,99-28+,DONE,
2023-12-24 22:02:01.436,912810TW8_INQ9,912810TW8,SELL,5000000,100-110,DONE,
2023-12-24 22:02:01.436,912810TV0_INQ0,912810TV0,BUY,1000000,99-295,DONE,
2023-12-24 22:02:01.436,912810TV0_INQ1,912810TV0,SELL,2000000,99-183,DONE,
2023-12-24 22:02:01.436,912810TV0_INQ2,912810TV0,BUY,3000000,100-020,DONE,
2023-12-24 22:02:01.436,912810TV0_INQ3,912810TV0,SELL,4000000,99-287,DONE,
2023-12-24 22:02:01.436,912810TV0_INQ4,912810TV0,BUY,5000000,99-235,DONE,
2023-12-24 22:02:01.436,912810TV0_INQ5,912810TV0,SELL,1000000,99-105,DONE,
2023-12-24 22:02:01.436,912810TV0_INQ6,912810TV0,BUY,2000000,100-24+,DONE,
2023-12-24 22:02:01.436,912810TV0_INQ7,912810TV0,SELL,3000000,99-146,DONE,
2023-12-24 22:02:01.436,912810TV0_INQ8,912810TV0,BUY,4000000,100-311,DONE,
2023-12-24 22:02:01.436,912810TV0_INQ9,912810TV0,SELL,5000000,100-082,DONE,
2023-12-24 22:05:29.327,91282CJL6_INQ0,91282CJL6,BUY,1000000,100-315,DONE,
2023-12-24 22:05:29.327,91282CJL6_INQ1,91282CJL6,SELL,2000000,99-226,DONE,
2023-12-24 22:05:29.327,91282CJL6_INQ2,91282CJL6,BUY,3000000,100-216,DONE,
2023-12-24 22:05:29.327,91282CJL6_INQ3,91282CJL6,SELL,4000000,99-087,DONE,
2023-12-24 22:05:29.327,91282CJL6_INQ4,91282CJL6,BUY,5000000,99-201,DONE,
2023-12-24 22:05:29.327,91282CJL6_INQ5,91282CJL6,SELL,1000000,99-180,DONE,
2023-12-24 22:05:29.327,91282CJL6_INQ6,91282CJL6,BUY,2000000,99-152,DONE,
2023-12-24 22:05:29.327,91282CJL6_INQ7,91282CJL6,SELL,3000000,100-240,DONE,
2023-12-24 22:05:29.327,91282CJL6_INQ8,91282CJL6,BUY,4000000,100-04+,DONE,
2023-12-24 22:05:29.327,91282CJL6_INQ9,91282CJL6,SELL,5000000,99-281,DONE,
2023-12-24 22:05:29.328,91282CJK8_INQ0,91282CJK8,BUY,1000000,100-190,DONE,
2023-12-24 22:05:29.328,91282CJK8_INQ1,91282CJK8,SELL,2000000,100-127,DONE,
2023-12-24 22:05:29.328,91282CJK8_INQ2,91282CJK8,BUY,3000000,99-095,DONE,
2023-12-24 22:05:29.328,91282CJK8_INQ3,91282CJK8,SELL,4000000,100-240,DONE,
2023-12-24 22:05:29.328,91282CJK8_INQ4,91282CJK8,BUY,5000000,100-250,DONE,
2023-12-24 22:05:29.328,91282CJK8_INQ5,91282CJK8,SELL,1000000,99-287,DONE,
2023-12-24 22:05:29.328,91282CJK8_INQ6,91282CJK8,BUY,2000000,100-162,DONE,
2023-12-24 22:05:29.328,91282CJK8_INQ7,91282CJK8,SELL,3000000,99-151,DONE,
2023-12-24 22:05:29.328,91282CJK8_INQ8,91282CJK8,BUY,4000000,100-27+,DONE,
2023-12-24 22:05:29.328,91282CJK8_INQ9,91282CJK8,SELL,5000000,99-052,DONE,
2023-12-24 22:05:29.328,91282CJN2_INQ0,91282CJN2,BUY,1000000,100-310,DONE,
2023-12-24 22:05:29.328,91282CJN2_INQ1,91282CJN2,SELL,2000000,99-28+,DONE,
2023-12-24 22:05:29.328,91282CJN2_INQ2,91282CJN2,BUY,3000000,99-00+,DONE,
2023-12-24 22:05:29.328,91282CJN2_INQ3,91282CJN2,SELL,4000000,99-032,DONE,
2023-12-24 22:05:29.328,91282CJN2_INQ4,91282CJN2,BUY,5000000,99-136,DONE,
2023-12-24 22:05:29.328,91282CJN2_INQ5,91282CJN2,SELL,1000000,100-021,DONE,
2023-12-24 22:05:29.328,91282CJN2_INQ6,91282CJN2,BUY,2000000,99-26+,DONE,
2023-12-24 22:05:29.328,91282CJN2_INQ7,91282CJN2,SELL,3000000,100-08+,DONE,
2023-12-24 22:05:29.328,91282CJN2_INQ8,91282CJN2,BUY,4000000,99-252,DONE,
2023-12-24 22:05:29.328,91282CJN2_INQ9,91282CJN2,SELL,5000000,99-11+,DONE,
2023-12-24 22:05:29.328,91282CJM4_INQ0,91282CJM4,BUY,1000000,99-086,DONE,
2023-12-24 22:05:29.328,91282CJM4_INQ1,91282CJM4,SELL,2000000,99-022,DONE,
2023-12-24 22:05:29.328,91282CJM4_INQ2,91282CJM4,BUY,3000000,99-093,DONE,
2023-12-24 22:05:29.328,91282CJM4_INQ3,91282CJM4,SELL,4000000,100-217,DONE,
2023-12-24 22:05:29.328,91282CJM4_INQ4,91282CJM4,BUY,5000000,99-121,DONE,
2023-12-24 22:05:29.328,91282CJM4_INQ5,91282CJM4,SELL,1000000,100-101,DONE,
2023-12-24 22:05:29.328,91282CJM4_INQ6,91282CJM4,BUY,2000000,100-003,DONE,
2023-12-24 22:05:29.328,91282CJM4_INQ7,91282CJM4,SELL,3000000,99-246,DONE,
2023-12-24 22:05:29.328,91282CJM4_INQ8,91282CJM4,BUY,4000000,100-291,DONE,
2023-12-24 22:05:29.328,91282CJM4_INQ9,91282CJM4,SELL,5000000,100-31+,DONE,
2023-12-24 22:05:29.328,91282CJJ1_INQ0,91282CJJ1,BUY,1000000,100-085,DONE,
2023-12-24 22:05:29.328,91282CJJ1_INQ1,91282CJJ1,SELL,2000000,100-276,DONE,
2023-12-24 22:05:29.328,91282CJJ1_INQ2,91282CJJ1,BUY,3000000,100-101,DONE,
2023-12-24 22:05:29.329,91282CJJ1_INQ3,91282CJJ1,SELL,4000000,100-097,DONE,
2023-12-24 22:05:29.329,91282CJJ1_INQ4,91282CJJ1,BUY,5000000,99-240,DONE,
2023-12-24 22:05:29.329,91282CJJ1_INQ5,91282CJJ1,SELL,1000000,99-021,DONE,
2023-12-24 22:05:29.329,91282CJJ1_INQ6,91282CJJ1,BUY,2000000,100-241,DONE,
2023-12-24 22:05:29.329,91282CJJ1_INQ7,91282CJJ1,SELL,3000000,99-10+,DONE,
2023-12-24 22:05:29.329,91282CJJ1_INQ8,91282CJJ1,BUY,4000000,100-281,DONE,
2023-12-24 22:05:29.329,91282CJJ1_INQ9,91282CJJ1,SELL,5000000,100-270,DONE,
2023-12-24 22:05:29.329,912810TW8_INQ0,912810TW8,BUY,1000000,100-240,DONE,
2023-12-24 22:05:29.329,912810TW8_INQ1,912810TW8,SELL,2000000,99-081,DONE,
2023-12-24 22:05:29.329,912810TW8_INQ2,912810TW8,BUY,3000000,99-103,DONE,
2023-12-24 22:05:29.329,912810TW8_INQ3,912810TW8,SELL,4000000,99-31+,DONE,
2023-12-24 22:05:29.329,912810TW8_INQ4,912810TW8,BUY,5000000,99-202,DONE,
2023-12-24 22:05:29.329,912810TW8_INQ5,912810TW8,SELL,1000000,100-026,DONE,
2023-12-24 22:05:29.329,912810TW8_INQ6,912810TW8,BUY,2000000,99-01+,DONE,
2023-12-24 22:05:29.329,912810TW8_INQ7,912810TW8,SELL,3000000,100-16+,DONE,
2023-12-24 22:05:29.329,912810TW8_INQ8,912810TW8,BUY,4000000,100-281,DONE,
2023-12-24 22:05:29.329,912810TW8_INQ9,912810TW8,SELL,5000000,100-123,DONE,
2023-12-24 22:05:29.329,912810TV0_INQ0,912810TV0,BUY,1000000,100-056,DONE,
2023-12-24 22:05:29.329,912810TV0_INQ1,912810TV0,SELL,2000000,99-147,DONE,
2023-12-24 22:05:29.329,912810TV0_INQ2,912810TV0,BUY,3000000,100-14+,DONE,
2023-12-24 22:05:29.329,912810TV0_INQ3,912810TV0,SELL,4000000,100-075,DONE,
2023-12-24 22:05:29.329,912810TV0_INQ4,912810TV0,BUY,5000000,100-100,DONE,
2023-12-24 22:05:29.329,912810TV0_INQ5,912810TV0,SELL,1000000,99-105,DONE,
2023-12-24 22:05:29.329,912810TV0_INQ6,912810TV0,BUY,2000000,99-077,DONE,
2023-12-24 22:05:29.329,912810TV0_INQ7,912810TV0,SELL,3000000,99-051,DONE,
2023-12-24 22:05:29.329,912810TV0_INQ8,912810TV0,BUY,4000000,100-082,DONE,
2023-12-24 22:05:29.329,912810TV0_INQ9,912810TV0,SELL,5000000,100-236,DONE,
2023-12-24 22:05:59.853,91282CJL6_INQ0,91282CJL6,BUY,1000000,99-301,DONE,
2023-12-24 22:05:59.853,91282CJL6_INQ1,91282CJL6,SELL,2000000,100-255,DONE,
2023-12-24 22:05:59.853,91282CJL6_INQ2,91282CJL6,BUY,3000000,99-283,DONE,
2023-12-24 22:05:59.853,91282CJL6_INQ3,91282CJL6,SELL,4000000,100-126,DONE,
2023-12-24 22:05:59.853,91282CJL6_INQ4,91282CJL6,BUY,5000000,100-200,DONE,
2023-12-24 22:05:59.854,91282CJL6_INQ5,91282CJL6,SELL,1000000,99-057,DONE,
2023-12-24 22:05:59.854,91282CJL6_INQ6,91282CJL6,BUY,2000000,100-25+,DONE,
2023-12-24 22:05:59.854,91282CJL6_INQ7,91282CJL6,SELL,3000000,100-005,DONE,
2023-12-24 22:05:59.854,91282CJL6_INQ8,91282CJL6,BUY,4000000,99-086,DONE,
2023-12-24 22:05:59.854,91282CJL6_INQ9,91282CJL6,SELL,5000000,100-10+,DONE,
2023-12-24 22:05:59.854,91282CJK8_INQ0,91282CJK8,BUY,1000000,99-020,DONE,
2023-12-24 22:05:59.854,91282CJK8_INQ1,91282CJK8,SELL,2000000,100-126,DONE,
2023-12-24 22:05:59.854,91282CJK8_INQ2,91282CJK8,BUY,3000000,100-081,DONE,
2023-12-24 22:05:59.854,91282CJK8_INQ3,91282CJK8,SELL,4000000,100-086,DONE,
2023-12-24 22:05:59.854,91282CJK8_INQ4,91282CJK8,BUY,5000000,99-073,DONE,
2023-12-24 22:05:59.854,91282CJK8_INQ5,91282CJK8,SELL,1000000,100-305,DONE,
2023-12-24 22:05:59.854,91282CJK8_INQ6,91282CJK8,BUY,2000000,99-313,DONE,
2023-12-24 22:05:59.854,91282CJK8_INQ7,91282CJK8,SELL,3000000,100-183,DONE,
2023-12-24 22:05:59.854,91282CJK8_INQ8,91282CJK8,BUY,4000000,100-271,DONE,
2023-12-24 22:05:59.854,91282CJK8_INQ9,91282CJK8,SELL,5000000,99-065,DONE,
2023-12-24 22:05:59.854,91282CJN2_INQ0,91282CJN2,BUY,1000000,100-037,DONE,
2023-12-24 22:05:59.854,91282CJN2_INQ1,91282CJN2,SELL,2000000,100-087,DONE,
2023-12-24 22:05:59.854,91282CJN2_INQ2,91282CJN2,BUY,3000000,99-171,DONE,
2023-12-24 22:05:59.854,91282CJN2_INQ3,91282CJN2,SELL,4000000,99-041,DONE,
2023-12-24 22:05:59.854,91282CJN2_INQ4,91282CJN2,BUY,5000000,100-293,DONE,
2023-12-24 22:05:59.854,91282CJN2_INQ5,91282CJN2,SELL,1000000,99-24+,DONE,
2023-12-24 22:05:59.854,91282CJN2_INQ6,91282CJN2,BUY,2000000,99-153,DONE,
2023-12-24 22:05:59.854,91282CJN2_INQ7,91282CJN2,SELL,3000000,99-227,DONE,
2023-12-24 22:05:59.854,91282CJN2_INQ8,91282CJN2,BUY,4000000,99-040,DONE,
2023-12-24 22:05:59.854,91282CJN2_INQ9,91282CJN2,SELL,5000000,99-051,DONE,
2023-12-24 22:05:59.854,91282CJM4_INQ0,91282CJM4,BUY,1000000,100-020,DONE,
2023-12-24 22:05:59.854,91282CJM4_INQ1,91282CJM4,SELL,2000000,99-260,DONE,
2023-12-24 22:05:59.854,91282CJM4_INQ2,91282CJM4,BUY,3000000,100-131,DONE,
2023-12-24 22:05:59.854,91282CJM4_INQ3,91282CJM4,SELL,4000000,99-081,DONE,
2023-12-24 22:05:59.854,91282CJM4_INQ4,91282CJM4,BUY,5000000,99-172,DONE,
2023-12-24 22:05:59.854,91282CJM4_INQ5,91282CJM4,SELL,1000000,99-162,DONE,
2023-12-24 22:05:59.854,91282CJM4_INQ6,91282CJM4,BUY,2000000,100-113,DONE,
2023-12-24 22:05:59.855,91282CJM4_INQ7,91282CJM4,SELL,3000000,100-003,DONE,
2023-12-24 22:05:59.855,91282CJM4_INQ8,91282CJM4,BUY,4000000,99-18+,DONE,
2023-12-24 22:05:59.855,91282CJM4_INQ9,91282CJM4,SELL,5000000,99-087,DONE,
2023-12-24 22:05:59.855,91282CJJ1_INQ0,91282CJJ1,BUY,1000000,99-175,DONE,
2023-12-24 22:05:59.855,91282CJJ1_INQ1,91282CJJ1,SELL,2000000,100-285,DONE,
2023-12-24 22:05:59.855,91282CJJ1_INQ2,91282CJJ1,BUY,3000000,100-011,DONE,
2023-12-24 22:05:59.855,91282CJJ1_INQ3,91282CJJ1,SELL,4000000,100-087,DONE,
2023-12-24 22:05:59.855,91282CJJ1_INQ4,91282CJJ1,BUY,5000000,99-040,DONE,
2023-12-24 22:05:59.855,91282CJJ1_INQ5,91282CJJ1,SELL,1000000,100-227,DONE,
2023-12-24 22:05:59.855,91282CJJ1_INQ6,91282CJJ1,BUY,2000000,100-01+,DONE,
2023-12-24 22:05:59.855,91282CJJ1_INQ7,91282CJJ1,SELL,3000000,100-046,DONE,
2023-12-24 22:05:59.855,91282CJJ1_INQ8,91282CJJ1,BUY,4000000,99-246,DONE,
2023-12-24 22:05:59.855,91282CJJ1_INQ9,91282CJJ1,SELL,5000000,100-11+,DONE,
2023-12-24 22:05:59.855,912810TW8_INQ0,912810TW8,BUY,1000000,99-302,DONE,
2023-12-24 22:05:59.855,912810TW8_INQ1,912810TW8,SELL,2000000,99-246,DONE,
2023-12-24 22:05:59.855,912810TW8_INQ2,912810TW8,BUY,3000000,100-246,DONE,
2023-12-24 22:05:59.855,912810TW8_INQ3,912810TW8,SELL,4000000,100-177,DONE,
2023-12-24 22:05:59.855,912810TW8_INQ4,912810TW8,BUY,5000000,100-241,DONE,
2023-12-24 22:05:59.855,912810TW8_INQ5,912810TW8,SELL,1000000,99-103,DONE,
2023-12-24 22:05:59.855,912810TW8_INQ6,912810TW8,BUY,2000000,100-25+,DONE,
2023-12-24 22:05:59.855,912810TW8_INQ7,912810TW8,SELL,3000000,100-291,DONE,
2023-12-24 22:05:59.855,912810TW8_INQ8,912810TW8,BUY,4000000,99-260,DONE,
2023-12-24 22:05:59.855,912810TW8_INQ9,912810TW8,SELL,5000000,99-042,DONE,
2023-12-24 22:05:59.855,912810TV0_INQ0,912810TV0,BUY,1000000,99-082,DONE,
2023-12-24 22:05:59.855,912810TV0_INQ1,912810TV0,SELL,2000000,99-261,DONE,
2023-12-24 22:05:59.855,912810TV0_INQ2,912810TV0,BUY,3000000,99-127,DONE,
2023-12-24 22:05:59.855,912810TV0_INQ3,912810TV0,SELL,4000000,99-191,DONE,
2023-12-24 22:05:59.855,912810TV0_INQ4,912810TV0,BUY,5000000,100-252,DONE,
2023-12-24 22:05:59.855,912810TV0_INQ5,912810TV0,SELL,1000000,100-270,DONE,
2023-12-24 22:05:59.855,912810TV0_INQ6,912810TV0,BUY,2000000,100-131,DONE,
2023-12-24 22:05:59.855,912810TV0_INQ7,912810TV0,SELL,3000000,99-043,DONE,
2023-12-24 22:05:59.856,912810TV0_INQ8,912810TV0,BUY,4000000,100-093,DONE,
2023-12-24 22:05:59.856,912810TV0_INQ9,912810TV0,SELL,5000000,99-200,DONE,
2023-12-24 22:32:36.415,91282CJL6_INQ0,91282CJL6,BUY,1000000,99-027,DONE,
2023-12-24 22:32:36.415,91282CJL6_INQ1,91282CJL6,SELL,2000000,100-252,DONE,
2023-12-24 22:32:36.415,91282CJL6_INQ2,91282CJL6,BUY,3000000,100-191,DONE,
2023-12-24 22:32:36.415,91282CJL6_INQ3,91282CJL6,SELL,4000000,100-206,DONE,
2023-12-24 22:32:36.416,91282CJL6_INQ4,91282CJL6,BUY,5000000,100-256,DONE,
2023-12-24 22:32:36.416,91282CJL6_INQ5,91282CJL6,SELL,1000000,99-03+,DONE,
2023-12-24 22:32:36.416,91282CJL6_INQ6,91282CJL6,BUY,2000000,99-05+,DONE,
2023-12-24 22:32:36.416,91282CJL6_INQ7,91282CJL6,SELL,3000000,99-073,DONE,
2023-12-24 22:32:36.416,91282CJL6_INQ8,91282CJL6,BUY,4000000,100-27+,DONE,
2023-12-24 22:32:36.416,91282CJL6_INQ9,91282CJL6,SELL,5000000,99-032,DONE,
2023-12-24 22:32:36.416,91282CJK8_INQ0,91282CJK8,BUY,1000000,99-203,DONE,
2023-12-24 22:32:36.416,91282CJK8_INQ1,91282CJK8,SELL,2000000,99-163,DONE,
2023-12-24 22:32:36.416,91282CJK8_INQ2,91282CJK8,BUY,3000000,100-062,DONE,
2023-12-24 22:32:36.416,91282CJK8_INQ3,91282CJK8,SELL,4000000,100-030,DONE,
2023-12-24 22:32:36.416,91282CJK8_INQ4,91282CJK8,BUY,5000000,100-310,DONE,
2023-12-24 22:32:36.416,91282CJK8_INQ5,91282CJK8,SELL,1000000,100-096,DONE,
2023-12-24 22:32:36.416,91282CJK8_INQ6,91282CJK8,BUY,2000000,100-317,DONE,
2023-12-24 22:32:36.416,91282CJK8_INQ7,91282CJK8,SELL,3000000,99-102,DONE,
2023-12-24 22:32:36.416,91282CJK8_INQ8,91282CJK8,BUY,4000000,100-04+,DONE,
2023-12-24 22:32:36.416,91282CJK8_INQ9,91282CJK8,SELL,5000000,100-08+,DONE,
2023-12-24 22:32:36.416,91282CJN2_INQ0,91282CJN2,BUY,1000000,100-057,DONE,
2023-12-24 22:32:36.416,91282CJN2_INQ1,91282CJN2,SELL,2000000,99-105,DONE,
2023-12-24 22:32:36.416,91282CJN2_INQ2,91282CJN2,BUY,3000000,100-133,DONE,
2023-12-24 22:32:36.416,91282CJN2_INQ3,91282CJN2,SELL,4000000,99-133,DONE,
2023-12-24 22:32:36.416,91282CJN2_INQ4,91282CJN2,BUY,5000000,99-132,DONE,
2023-12-24 22:32:36.416,91282CJN2_INQ5,91282CJN2,SELL,1000000,99-307,DONE,
2023-12-24 22:32:36.416,91282CJN2_INQ6,91282CJN2,BUY,2000000,99-312,DONE,
2023-12-24 22:32:36.416,91282CJN2_INQ7,91282CJN2,SELL,3000000,100-083,DONE,
2023-12-24 22:32:36.416,91282CJN2_INQ8,91282CJN2,BUY,4000000,100-181,DONE,
2023-12-24 22:32:36.416,91282CJN2_INQ9,91282CJN2,SELL,5000000,99-217,DONE,
2023-12-24 22:32:36.416,91282CJM4_INQ0,91282CJM4,BUY,1000000,100-240,DONE,
2023-12-24 22:32:36.416,91282CJM4_INQ1,91282CJM4,SELL,2000000,99-195,DONE,
2023-12-24 22:32:36.416,91282CJM4_INQ2,91282CJM4,BUY,3000000,99-016,DONE,
2023-12-24 22:32:36.416,91282CJM4_INQ3,91282CJM4,SELL,4000000,100-100,DONE,
2023-12-24 22:32:36.416,91282CJM4_INQ4,91282CJM4,BUY,5000000,100-241,DONE,
2023-12-24 22:32:36.417,91282CJM4_INQ5,91282CJM4,SELL,1000000,100-246,DONE,
2023-12-24 22:32:36.417,91282CJM4_INQ6,91282CJM4,BUY,2000000,99-240,DONE,
2023-12-24 22:32:36.417,91282CJM4_INQ7,91282CJM4,SELL,3000000,99-292,DONE,
2023-12-24 22:32:36.417,91282CJM4_INQ8,91282CJM4,BUY,4000000,100-17+,DONE,
2023-12-24 22:32:36.417,91282CJM4_INQ9,91282CJM4,SELL,5000000,99-052,DONE,
2023-12-24 22:32:36.417,91282CJJ1_INQ0,91282CJJ1,BUY,1000000,99-25+,DONE,
2023-12-24 22:32:36.417,91282CJJ1_INQ1,91282CJJ1,SELL,2000000,100-220,DONE,
2023-12-24 22:32:36.417,91282CJJ1_INQ2,91282CJJ1,BUY,3000000,99-143,DONE,
2023-12-24 22:32:36.417,91282CJJ1_INQ3,91282CJJ1,SELL,4000000,99-016,DONE,
2023-12-24 22:32:36.417,91282CJJ1_INQ4,91282CJJ1,BUY,5000000,99-062,DONE,
2023-12-24 22:32:36.417,91282CJJ1_INQ5,91282CJJ1,SELL,1000000,99-181,DONE,
2023-12-24 22:32:36.417,91282CJJ1_INQ6,91282CJJ1,BUY,2000000,100-260,DONE,
2023-12-24 22:32:36.417,91282CJJ1_INQ7,91282CJJ1,SELL,3000000,99-291,DONE,
2023-12-24 22:32:36.417,91282CJJ1_INQ8,91282CJJ1,BUY,4000000,99-081,DONE,
2023-12-24 22:32:36.417,91282CJJ1_INQ9,91282CJJ1,SELL,5000000,100-267,DONE,
2023-12-24 22:32:36.417,912810TW8_INQ0,912810TW8,BUY,1000000,100-242,DONE,
2023-12-24 22:32:36.417,912810TW8_INQ1,912810TW8,SELL,2000000,99-063,DONE,
2023-12-24 22:32:36.417,912810TW8_INQ2,912810TW8,BUY,3000000,100-131,DONE,
2023-12-24 22:32:36.417,912810TW8_INQ3,912810TW8,SELL,4000000,99-216,DONE,
2023-12-24 22:32:36.417,912810TW8_INQ4,912810TW8,BUY,5000000,100-045,DONE,
2023-12-24 22:32:36.417,912810TW8_INQ5,912810TW8,SELL,1000000,99-077,DONE,
2023-12-24 22:32:36.417,912810TW8_INQ6,912810TW8,BUY,2000000,99-223,DONE,
2023-12-24 22:32:36.417,912810TW8_INQ7,912810TW8,SELL,3000000,99-012,DONE,
2023-12-24 22:32:36.417,912810TW8_INQ8,912810TW8,BUY,4000000,100-05+,DONE,
2023-12-24 22:32:36.417,912810TW8_INQ9,912810TW8,SELL,5000000,100-013,DONE,
2023-12-24 22:32:36.417,912810TV0_INQ0,912810TV0,BUY,1000000,100-276,DONE,
2023-12-24 22:32:36.417,912810TV0_INQ1,912810TV0,SELL,2000000,99-146,DONE,
2023-12-24 22:32:36.417,912810TV0_INQ2,912810TV0,BUY,3000000,99-001,DONE,
2023-12-24 22:32:36.417,912810TV0_INQ3,912810TV0,SELL,4000000,100-023,DONE,
2023-12-24 22:32:36.417,912810TV0_INQ4,912810TV0,BUY,5000000,100-137,DONE,
2023-12-24 22:32:36.417,912810TV0_INQ5,912810TV0,SELL,1000000,99-082,DONE,
2023-12-24 22:32:36.417,912810TV0_INQ6,912810TV0,BUY,2000000,99-026,DONE,
2023-12-24 22:32:36.417,912810TV0_INQ7,912810TV0,SELL,3000000,100-286,DONE,
2023-12-24 22:32:36.417,912810TV0_INQ8,912810TV0,BUY,4000000,100-157,DONE,
2023-12-24 22:32:36.418,912810TV0_INQ9,912810TV0,SELL,5000000,100-057,DONE,
2023-12-24 22:42:40.886,91282CJL6_INQ0,91282CJL6,BUY,1000000,99-007,DONE,
2023-12-24 22:42:40.886,91282CJL6_INQ1,91282CJL6,SELL,2000000,99-113,DONE,
2023-12-24 22:42:40.886,91282CJL6_INQ2,91282CJL6,BUY,3000000,99-272,DONE,
2023-12-24 22:42:40.886,91282CJL6_INQ3,91282CJL6,SELL,4000000,99-28+,DONE,
2023-12-24 22:42:40.886,91282CJL6_INQ4,91282CJL6,BUY,5000000,100-27+,DONE,
2023-12-24 22:42:40.886,91282CJL6_INQ5,91282CJL6,SELL,1000000,99-123,DONE,
2023-12-24 22:42:40.886,91282CJL6_INQ6,91282CJL6,BUY,2000000,99-261,DONE,
2023-12-24 22:42:40.886,91282CJL6_INQ7,91282CJL6,SELL,3000000,99-206,DONE,
2023-12-24 22:42:40.886,91282CJL6_INQ8,91282CJL6,BUY,4000000,100-061,DONE,
2023-12-24 22:42:40.886,91282CJL6_INQ9,91282CJL6,SELL,5000000,99-173,DONE,
2023-12-24 22:42:40.886,91282CJK8_INQ0,91282CJK8,BUY,1000000,100-023,DONE,
2023-12-24 22:42:40.886,91282CJK8_INQ1,91282CJK8,SELL,2000000,99-087,DONE,
2023-12-24 22:42:40.886,91282CJK8_INQ2,91282CJK8,BUY,3000000,99-09+,DONE,
2023-12-24 22:42:40.886,91282CJK8_INQ3,91282CJK8,SELL,4000000,99-236,DONE,
2023-12-24 22:42:40.886,91282CJK8_INQ4,91282CJK8,BUY,5000000,100-012,DONE,
2023-12-24 22:42:40.886,91282CJK8_INQ5,91282CJK8,SELL,1000000,99-095,DONE,
2023-12-24 22:42:40.886,91282CJK8_INQ6,91282CJK8,BUY,2000000,100-187,DONE,
2023-12-24 22:42:40.886,91282CJK8_INQ7,91282CJK8,SELL,3000000,100-125,DONE,
2023-12-24 22:42:40.886,91282CJK8_INQ8,91282CJK8,BUY,4000000,100-09+,DONE,
2023-12-24 22:42:40.886,91282CJK8_INQ9,91282CJK8,SELL,5000000,100-205,DONE,
2023-12-24 22:42:40.886,91282CJN2_INQ0,91282CJN2,BUY,1000000,99-031,DONE,
2023-12-24 22:42:40.886,91282CJN2_INQ1,91282CJN2,SELL,2000000,99-047,DONE,
2023-12-24 22:42:40.886,91282CJN2_INQ2,91282CJN2,BUY,3000000,100-202,DONE,
2023-12-24 22:42:40.887,91282CJN2_INQ3,91282CJN2,SELL,4000000,100-06+,DONE,
2023-12-24 22:42:40.887,91282CJN2_INQ4,91282CJN2,BUY,5000000,99-055,DONE,
2023-12-24 22:42:40.887,91282CJN2_INQ5,91282CJN2,SELL,1000000,100-196,DONE,
2023-12-24 22:42:40.887,91282CJN2_INQ6,91282CJN2,BUY,2000000,99-101,DONE,
2023-12-24 22:42:40.887,91282CJN2_INQ7,91282CJN2,SELL,3000000,100-192,DONE,
2023-12-24 22:42:40.887,91282CJN2_INQ8,91282CJN2,BUY,4000000,99-116,DONE,
2023-12-24 22:42:40.887,91282CJN2_INQ9,91282CJN2,SELL,5000000,99-111,DONE,
2023-12-24 22:42:40.887,91282CJM4_INQ0,91282CJM4,BUY,1000000,100-105,DONE,
2023-12-24 22:42:40.887,91282CJM4_INQ1,91282CJM4,SELL,2000000,100-265,DONE,
2023-12-24 22:42:40.887,91282CJM4_INQ2,91282CJM4,BUY,3000000,100-032,DONE,
2023-12-24 22:42:40.887,91282CJM4_INQ3,91282CJM4,SELL,4000000,99-151,DONE,
2023-12-24 22:42:40.887,91282CJM4_INQ4,91282CJM4,BUY,5000000,99-176,DONE,
2023-12-24 22:42:40.887,91282CJM4_INQ5,91282CJM4,SELL,1000000,100-191,DONE,
2023-12-24 22:42:40.887,91282CJM4_INQ6,91282CJM4,BUY,2000000,100-306,DONE,
2023-12-24 22:42:40.887,91282CJM4_INQ7,91282CJM4,SELL,3000000,100-240,DONE,
2023-12-24 22:42:40.887,91282CJM4_INQ8,91282CJM4,BUY,4000000,99-062,DONE,
2023-12-24 22:42:40.887,91282CJM4_INQ9,91282CJM4,SELL,5000000,100-162,DONE,
2023-12-24 22:42:40.887,91282CJJ1_INQ0,91282CJJ1,BUY,1000000,100-291,DONE,
2023-12-24 22:42:40.887,91282CJJ1_INQ1,91282CJJ1,SELL,2000000,99-165,DONE,
2023-12-24 22:42:40.887,91282CJJ1_INQ2,91282CJJ1,BUY,3000000,100-232,DONE,
2023-12-24 22:42:40.887,91282CJJ1_INQ3,91282CJJ1,SELL,4000000,99-306,DONE,
2023-12-24 22:42:40.887,91282CJJ1_INQ4,91282CJJ1,BUY,5000000,99-055,DONE,
2023-12-24 22:42:40.887,91282CJJ1_INQ5,91282CJJ1,SELL,1000000,99-310,DONE,
2023-12-24 22:42:40.887,91282CJJ1_INQ6,91282CJJ1,BUY,2000000,100-243,DONE,
2023-12-24 22:42:40.887,91282CJJ1_INQ7,91282CJJ1,SELL,3000000,99-086,DONE,
2023-12-24 22:42:40.887,91282CJJ1_INQ8,91282CJJ1,BUY,4000000,100-160,DONE,
2023-12-24 22:42:40.887,91282CJJ1_INQ9,91282CJJ1,SELL,5000000,100-070,DONE,
2023-12-24 22:42:40.887,912810TW8_INQ0,912810TW8,BUY,1000000,99-096,DONE,
2023-12-24 22:42:40.887,912810TW8_INQ1,912810TW8,SELL,2000000,100-171,DONE,
2023-12-24 22:42:40.887,912810TW8_INQ2,912810TW8,BUY,3000000,99-01+,DONE,
2023-12-24 22:42:40.887,912810TW8_INQ3,912810TW8,SELL,4000000,99-126,DONE,
2023-12-24 22:42:40.887,912810TW8_INQ4,912810TW8,BUY,5000000,99-061,DONE,
2023-12-24 22:42:40.887,912810TW8_INQ5,912810TW8,SELL,1000000,99-09+,DONE,
2023-12-24 22:42:40.887,912810TW8_INQ6,912810TW8,BUY,2000000,99-225,DONE,
2023-12-24 22:42:40.888,912810TW8_INQ7,912810TW8,SELL,3000000,99-202,DONE,
2023-12-24 22:42:40.888,912810TW8_INQ8,912810TW8,BUY,4000000,100-197,DONE,
2023-12-24 22:42:40.888,912810TW8_INQ9,912810TW8,SELL,5000000,99-06+,DONE,
2023-12-24 22:42:40.888,912810TV0_INQ0,912810TV0,BUY,1000000,99-280,DONE,
2023-12-24 22:42:40.888,912810TV0_INQ1,912810TV0,SELL,2000000,100-291,DONE,
2023-12-24 22:42:40.888,912810TV0_INQ2,912810TV0,BUY,3000000,100-175,DONE,
2023-12-24 22:42:40.888,912810TV0_INQ3,912810TV0,SELL,4000000,99-235,DONE,
2023-12-24 22:42:40.888,912810TV0_INQ4,912810TV0,BUY,5000000,100-243,DONE,
2023-12-24 22:42:40.888,912810TV0_INQ5,912810TV0,SELL,1000000,100-301,DONE,
2023-12-24 22:42:40.888,912810TV0_INQ6,912810TV0,BUY,2000000,99-093,DONE,
2023-12-24 22:42:40.888,912810TV0_INQ7,912810TV0,SELL,3000000,100-31+,DONE,
2023-12-24 22:42:40.888,912810TV0_INQ8,912810TV0,BUY,4000000,100-093,DONE,
2023-12-24 22:42:40.888,912810TV0_INQ9,912810TV0,SELL,5000000,100-310,DONE,
